1771 2826
865 136 910 175 1⁵..)

166 253 208 292 in
221 264 342 302 quam
355 274 402 281 -
415 253 528 292 obest
540 264 698 291 aeorum
709 265 818 294 num.
833 253 855 303 ξ
870 254 940 292 167
953 253 1184 302 colligentur
1197 253 1260 303 (Ρ),
1279 253 1300 303 ξ
1315 253 1387 292 169
1400 253 1600 306 inventam

165 317 470 366 conclusionem,
495 318 523 369 g.
546 318 614 359 171
644 318 832 367 Fannius,
857 318 880 370 g
901 319 973 359 172
998 319 1077 358 hui’
1107 319 1146 366 (i.
1161 331 1193 360 e.
1208 318 1326 358 huius
1350 331 1443 369 pro:
1469 317 1572 369 hoc).

292 383 371 422 Sed
406 384 582 422 codicem
619 396 710 422 cum
745 385 831 423 aliis
867 385 1102 423 mendorum
1141 384 1350 434 generibus
1392 385 1597 423 abundare

165 451 251 488 tum
270 460 462 496 errorum,
487 449 557 499 qui
576 449 656 490 inl.
672 450 820 489 mutilis
847 462 932 489 esse
952 450 1091 497 solent,
1117 449 1297 499 plurimis
1316 461 1401 489 esse
1418 449 1599 489 vitiatum

166 516 210 552 ut
246 513 474 563 intellegas,
512 515 714 564 particulis
756 515 996 564 quibusdam
1034 514 1216 553 codicum
1254 514 1383 562 Laut„
1423 515 1600 562 Abi-inc„

168 578 281 625 Gud..
308 579 467 629 Erlang.
494 580 599 618 inter
625 591 667 618 se
693 580 932 629 comparatis
959 579 1073 619 facile
1099 579 1176 619 fiet.

166 643 188 692 ἓ
210 644 280 681 119..
298 644 347 682 L¹
367 644 419 682 ab
433 644 508 683 hoc
522 656 738 693 parumper
749 644 890 684 abeas!
910 644 947 682 A
973 645 1025 682 ab
1051 645 1125 682 hoc
1152 656 1190 693 p.
1218 644 1409 682 abeamus

166 826 217 864 L¹
244 826 363 864 nichil
389 838 463 864 non
491 827 732 875 precipiendi

166 1073 215 1112 L¹
243 1073 525 1113 existimatione
554 1094 598 1101 -
627 1073 850 1123 magisterio

165 1313 195 1349 L
204 1313 215 1334 ¹
225 1312 432 1350 uideamus
442 1324 523 1350 non
532 1314 571 1350 te
580 1312 648 1350 hoe
658 1313 873 1350 solumesse

166 1562 215 1600 L¹
242 1574 327 1601 esse
353 1562 473 1611 igitur
493 1562 673 1610 persequi

166 1745 216 1783 L¹
243 1757 332 1784 eam
358 1747 484 1784 tamen
502 1745 649 1785 habere
669 1745 742 1786 fac.
766 1745 863 1795 (fac.

215 1809 351 1848 habere
377 1810 463 1860 int.)

166 1930 216 1967 L¹
243 1930 312 1968 sed
335 1941 493 1967 oausam
512 1930 720 1969 adsumere
740 1935 865 1977 (assu-

215 1992 350 2029 mere?
378 1991 506 2029 verbis
532 1991 646 2029 etiam
671 2013 720 2019 —
745 1991 866 2030 soime-

206 2041 310 2088 ⁴tiam
336 2052 431 2100 om.)

165 2115 217 2153 L¹
239 2118 414 2155 attamen
435 2118 648 2165 utrumque
666 2119 719 2155 est
733 2116 773 2155 in
787 2115 867 2155 dis-

168 2229 170 2231 ·
215 2182 382 2220 serendo

165 2424 216 2462 L¹
243 2425 280 2462 et
308 2426 363 2461 est
388 2423 572 2473 loquendi

912 704 944 742 G
971 703 1094 742 adhuc
1120 715 1157 752 p.
1184 703 1402 742 habeamus

911 764 941 802 E
968 763 1020 802 ab
1046 764 1122 802 hoc
1148 775 1186 813 p.
1217 763 1407 802 abeamus

911 829 947 865 A
973 828 1069 866 nihil
1083 840 1160 865 ozon
1178 828 1279 877 (voc.
1293 839 1362 865 nos
1381 829 1590 876 superscr.)

966 899 1095 937 praec.

911 948 943 986 G
971 948 1087 987 nichil
1113 959 1194 986 non
1214 949 1363 997 percip.

911 1009 941 1047 E
968 1009 1064 1046 nihil
1091 1020 1164 1047 nos
1189 1020 1320 1058 praec,

910 1074 946 1112 A
974 1073 1255 1113 existimatione
1284 1095 1330 1101 -
1358 1072 1584 1123 magisterio

910 1135 943 1174 G
970 1135 1216 1174 extimatione
1243 1134 1374 1184 (solito
1393 1135 1537 1183 errore)
1565 1155 1607 1162 —

969 1195 1195 1244 magisterio

910 1256 941 1294 E
968 1255 1249 1294 existimatione
1277 1276 1321 1282 —
1349 1254 1572 1303 magisterio

910 1315 946 1353 A
972 1315 1154 1352 uidemus
1179 1326 1260 1352 non
1286 1317 1325 1352 te
1350 1313 1419 1351 hoe
1444 1325 1473 1350 s.
1502 1325 1588 1353 esse

911 1375 943 1414 G
969 1375 1149 1414 uidemus
1175 1386 1213 1415 n.
1240 1375 1268 1414 t.
1296 1373 1395 1413 haec
1419 1385 1449 1414 S.
1476 1385 1561 1413 esse

911 1438 942 1476 E
967 1437 1174 1475 uideamus
1212 1448 1251 1474 n.
1287 1438 1314 1473 t.
1351 1434 1419 1472 hoc
1456 1435 1585 1473 solum

970 1497 1070 1545 (esse
1096 1497 1188 1544 om.)

911 1562 947 1600 A
973 1573 1057 1600 esse
1083 1561 1203 1610 igitur
1222 1559 1403 1608 persequi

912 1622 944 1659 G
971 1633 1055 1660 esse
1081 1622 1132 1670 ig.
1162 1621 1331 1669 perfecte

912 1682 942 1720 E
968 1693 1046 1719 rem
1072 1681 1122 1730 ig.
1143 1681 1323 1729 persequi

911 1747 946 1785 A
972 1758 1060 1785 eam
1088 1749 1212 1784 tamen
1239 1745 1387 1783 habere
1413 1744 1486 1784 fac.

912 1807 944 1845 G
971 1818 1059 1845 eam
1087 1809 1212 1844 tamen
1238 1806 1276 1845 h.
1304 1804 1330 1843 f.

911 1868 941 1906 E
968 1879 1056 1906 eam
1084 1869 1232 1904 tantum
1258 1865 1297 1905 h.
1326 1865 1351 1904 f.

911 1932 947 1970 A
974 1932 1042 1970 sed
1068 1943 1151 1969 eam
1178 1942 1378 1969 assumere

912 1992 945 2030 G
970 1992 1040 2030 sed
1066 2003 1149 2029 eam
1175 2002 1252 2029 ass.

913 2052 943 2090 E
970 2051 1038 2110 seQ
1064 2061 1218 2088 eausam
1247 2062 1322 2089 ass,

912 2116 948 2154 A
974 2127 1021 2154 ac
1046 2117 1181 2154 tamen
1206 2117 1419 2164 utrumque
1444 2115 1486 2152 in
1508 2114 1611 2152 dise-

970 2176 1093 2214 rendo

912 2236 945 2274 G
971 2239 1012 2275 at
1037 2239 1172 2275 tamen
1189 2237 1265 2274 utr.
1284 2235 1326 2273 in
1343 2234 1609 2273 disserendum

912 2297 942 2334 E
958 2299 1132 2334 attamen
1142 2298 1219 2334 utr.
1230 2295 1498 2333 disserendum
1508 2294 1608 2343 (voc.

969 2355 1010 2393 in
1037 2357 1129 2403 om.)

911 2420 947 2458 A
974 2423 1011 2459 et
1038 2420 1240 2469 eloquendi

910 2480 940 2520 G
970 2484 1007 2519 et
1034 2480 1238 2530 eloquendi
1294 2499 1299 2503 .

910 2541 940 2579 E
967 2544 1003 2580 et
1030 2540 1215 2589 loquendi
