1771 2826
798 153 845 191 65

106 274 128 323 ξ
178 272 229 311 94
255 274 387 310 autem
414 272 633 322 tralationi]
656 273 761 311 enim
779 272 993 311 traditioni.
1020 294 1063 300 —-—
1092 272 1340 324 κακάχρησιν
1366 271 1527 321 uocant]

255 335 450 373 charesim
476 338 595 374 uocat
630 357 666 361 —
695 336 784 374 Jam
810 348 900 375 cum
927 337 964 376 ss.
993 336 1113 385 cont]
1139 337 1227 374 Jam
1254 336 1528 374 confluxerunt

254 400 444 439 continuo
471 423 516 428 —
543 400 677 450 uocat]
702 401 884 439 nominat
911 420 958 430 ·-
985 404 1156 450 suntque
1187 401 1304 448 dulc.]
1341 413 1416 449 que
1437 401 1529 438 dul-

255 465 428 503 cissuma
456 487 501 493 —
531 465 793 515 quamquam]
822 477 925 514 quae
949 486 997 492 —
1023 467 1238 514 nusquam]
1278 466 1527 513 uniusquam.

177 529 227 567 95
254 529 307 567 ab
332 529 488 575 eodem]
517 532 562 567 at
585 530 721 567 eodem
741 551 787 557 -
809 530 894 567 sine
924 529 1043 579 cont.]
1071 530 1185 568 simili
1215 530 1464 567 contentione
1483 550 1526 556 —

255 592 448 642 euadunt]
474 594 645 632 euadent
670 613 715 620 —
746 592 879 642 quem]
906 594 1023 641 quod.

180 655 230 695 96
255 668 392 695 omnes
418 657 528 697 uerb.
556 668 662 695 omn.
697 659 795 695 sent.
821 656 931 706 illig.]
966 657 1095 695 omnis
1120 668 1158 695 u.
1184 668 1321 695 omnes
1346 669 1375 695 s.
1405 657 1530 705 illiga-

255 724 387 759 tarum
416 741 459 747 —
487 720 682 770 fontibus]
708 720 884 758 fortibus.

179 784 228 824 97
254 784 374 835 profi]
399 785 584 835 perfecte.
617 807 657 813 —-
693 785 926 835 plurimum]
963 785 1142 835 pluribus
1167 807 1214 814 —
1241 784 1397 836 passae]
1423 786 1529 835 passi

256 873 303 880 —
331 851 587 900 suspicerent]
614 853 865 899 susciperent,

178 914 227 953 98
253 926 325 954 nec
351 927 376 964 q
378 945 537 955 .....
565 914 754 965 perfecto]
784 915 860 953 hoc
877 927 957 953 uno
976 915 1170 964 perfectus
1189 914 1360 963 (omissis
1391 914 1530 972 uoczffi.

257 992 320 1018 nec
346 994 379 1028 q.
399 993 432 1021 a.
454 981 646 1030 coyitaret)
674 1003 722 1009 —
748 981 847 1020 Med.
867 981 931 1018 ille
957 980 1055 1030 aut]
1082 980 1232 1018 Medius
1251 980 1459 1028 enimejille
1482 1001 1530 1009 -

259 1045 362 1084 mod.
391 1048 429 1082 et
455 1045 592 1095 temp]
628 1045 801 1083 medium
836 1046 1105 1093 temperatum
1148 1066 1184 1071 —-
1218 1055 1298 1093 per.
1335 1055 1413 1081 non
1450 1043 1529 1093 ad]

255 1121 335 1157 per.
364 1109 498 1147 adibit.

107 1172 127 1218 ἓ
179 1173 229 1210 99
254 1173 317 1210 hic
343 1176 491 1218 noster]
520 1174 582 1211 hic
609 1185 689 1211 non
715 1177 816 1212 sunt.
848 1194 890 1200 —
920 1177 989 1211 aut
1016 1174 1055 1211 in
1083 1173 1156 1210 hoc
1183 1173 1230 1221 s.]
1268 1176 1306 1211 et
1344 1173 1419 1210 hoc
1445 1173 1529 1210 solo

262 1258 298 1263 -
331 1235 486 1274 duobus
512 1235 661 1287 gener]
701 1236 855 1275 duobus
895 1258 940 1265 --
981 1237 1044 1276 hic
1070 1236 1222 1287 autem]
1258 1236 1321 1275 hic
1347 1238 1452 1276 enim
1480 1259 1525 1265 —

257 1305 315 1339 est
341 1301 410 1350 aL]
437 1302 546 1340 aliud
572 1305 630 1340 est
659 1323 701 1328 -
730 1303 762 1339 si
789 1302 839 1350 is]
866 1302 899 1340 si
926 1302 965 1340 id
994 1324 1036 1330 —
1058 1303 1165 1350 apud
1194 1302 1242 1350 s.]
1271 1303 1372 1340 inter
1397 1314 1527 1342 sanos

105 1365 125 1414 ἓ
159 1366 230 1404 100
256 1368 401 1405 animo.
429 1366 531 1404 Nam
559 1366 700 1415 manu]
728 1367 861 1404 animo
902 1378 1025 1404 manu
1065 1388 1106 1394 —
1148 1366 1259 1404 breui
1293 1366 1383 1404 diss.
1411 1367 1528 1416 plun]

255 1431 367 1469 breui
394 1433 475 1470 uidi
503 1433 598 1482 (seq.
617 1433 774 1481 lacuna)
801 1433 977 1481 pluribus
1010 1454 1050 1460 —
1074 1436 1112 1470 ct
1142 1432 1308 1481 magna]
1331 1436 1369 1470 et
1386 1433 1477 1471 alta.

106 1494 127 1543 ξ
157 1495 222 1532 101
254 1495 311 1533 Ne
346 1496 482 1546 fuerit]
519 1497 671 1535 Nedum
705 1499 748 1535 tu
782 1497 901 1535 fueris
929 1518 975 1524 —-
1015 1497 1124 1535 cuius
1160 1497 1227 1545 qui
1261 1509 1289 1536 s,
1317 1508 1350 1535 c.
1386 1497 1436 1534 sit
1463 1497 1527 1547 eL]

256 1560 445 1609 cuiusque
471 1562 520 1599 sit
552 1562 813 1610 compositum
849 1562 1034 1611 eloquens
1077 1584 1118 1590 —
1148 1563 1251 1600 idem
1287 1563 1401 1613 illud]
1433 1564 1527 1601 illud

256 1624 370 1662 idem.

106 529 128 964 wememem

254 1703 348 1741 Inde
375 1715 398 1742 a
426 1704 447 1753 ἓ
477 1705 546 1742 102
573 1706 749 1744 nonnulli
777 1707 937 1745 maioris
957 1709 1146 1747 momenti
1165 1709 1238 1747 loci
1257 1709 1386 1747 collati
1415 1712 1526 1748 sunt:

105 1768 126 1817 ἓ
157 1769 227 1807 102
253 1770 301 1808 de
326 1770 456 1808 uerbis
482 1771 696 1822 interdicti]
724 1785 765 1811 re
791 1786 898 1812 uera.

105 1833 127 1881 ὅ
157 1834 228 1871 104
253 1837 294 1872 at
321 1837 414 1883 quid
441 1838 597 1887 deceat]
626 1841 667 1876 at
694 1838 759 1886 qui
786 1839 817 1876 si
845 1839 938 1887 quid
965 1839 1112 1877 deceat.

106 1897 126 1945 ξ
157 1898 228 1936 106
255 1910 401 1948 easque
427 1912 500 1939 nos
526 1914 581 1950 pr.
605 1914 640 1950 q.
669 1914 723 1940 er.
750 1902 805 1951 et]
833 1903 967 1951 itaque
993 1904 1115 1941 nostri
1135 1904 1361 1952 quicunque
1388 1904 1531 1942 oraba—

255 1975 344 2002 mus
371 1967 420 2004 et.

105 2024 126 2073 §
155 2026 225 2064 109
253 2039 319 2065 eos
346 2029 537 2079 uidimus]
566 2042 632 2068 eos
658 2031 850 2071 uidemus.
1097 2076 1098 2086 ἵ

105 2089 125 2138 ἕ
156 2091 227 2128 112
253 2093 320 2140 qui
348 2094 459 2141 quasi
487 2094 523 2133 d.
551 2095 777 2145 uideamur]
806 2098 871 2145 qni
899 2109 946 2135 ea
972 2099 1112 2136 docere
1137 2098 1329 2136 uidemur.

104 2153 126 2203 5
156 2155 226 2194 115
252 2156 485 2197 institutum.
526 2158 710 2210 Nouerit]
738 2161 940 2201 institutus
967 2164 1144 2202 nouerit..

103 2218 125 2267 ἕ
155 2220 226 2258 120
252 2233 342 2260 cum
370 2234 497 2271 super.
526 2224 670 2274 aetate]
696 2237 786 2263 cum
814 2238 888 2276 sup
924 2230 1032 2271 ,ib31⁵,
1079 2227 1359 2276 (superioribus
1370 2227 1415 2275 ἓ).

104 2283 124 2332 ξ
156 2285 227 2323 1926
254 2286 495 2337 ambigetur]
523 2289 746 2338 ambigitur.

104 2346 125 2396 ἓ
156 2349 227 2388 130
253 2362 317 2389 me
343 2363 402 2391 en.
431 2352 454 2390 i.
481 2353 611 2404 poem]
639 2366 702 2392 me
729 2357 832 2393 enim
862 2356 911 2405 (Ρ)
940 2357 1067 2405 ipsum
1102 2357 1273 2405 paenitet
1300 2357 1399 2406 (voc.
1431 2359 1529 2396 enim

254 2415 450 2454 adiciatne
477 2418 611 2465 codex,
638 2430 718 2456 non
745 2431 906 2468 prorsus
934 2422 1078 2469 liquet).

103 2475 124 2524 ἓ
155 2477 221 2517 131
252 2480 434 2519 satietate
461 2482 579 2532 affic]
605 2484 745 2524 tedeat.

101 2540 123 2588 ἓ
155 2543 224 2581 135
253 2555 409 2582 sursum
437 2556 595 2584 uersum
623 2548 722 2598 red]
748 2561 903 2588 sursum
931 2562 1069 2588 uersus
1094 2551 1256 2589 reditur.

1303 2617 1322 2648 5
