1771 2826
781 139 825 177 13

88 272 138 310 L¹
163 271 263 309 enim
288 271 500 309 deduxerat
528 270 576 320 (P)

88 477 190 526 (cap.
215 474 280 524 49)
308 474 330 525 ἕ
360 475 430 514 162
456 475 502 514 L¹
532 487 670 515 uerum

87 541 137 580 L²
163 541 373 590 prudentia

87 744 117 782 L
125 745 137 767 ¹
164 743 408 781 uoluntatem

830 271 868 310 A
893 274 1025 311 autem
1052 272 1264 311 deduxerat

830 336 863 375 G
889 336 972 375 licet
997 336 1210 376 deduxerat

805 443 807 457 Ι
829 401 860 439 Ε
885 403 1019 440 autem
1046 402 1259 440 deduxerat

804 458 865 521 {A
892 488 1024 516 rerum
1051 476 1083 516 G
1110 477 1151 517 it.
1178 477 1208 517 Ε
1233 477 1275 515 it.

804 523 807 573 Ι
828 541 865 579 Α
889 541 931 579 in
957 541 1168 591 prudentia

828 606 861 645 G
884 606 1117 656 prudentiae

828 672 859 709 E
884 671 926 708 in
951 671 1162 720 prudentia

828 745 865 783 A
889 745 1137 793 uoluptatem
1163 743 1196 782 G
1222 744 1265 783 it.
1291 744 1322 782 E
1348 744 1390 783 it.

87 808 137 847 L¹
164 806 389 845 uidebamur
414 807 645 854 (volebamus
669 809 756 858 int.)
827 810 864 848 A
889 809 1122 848 uidebamus
1140 808 1227 849 Git.
1246 808 1526 847 Evidebamur

87 872 109 921 ἓ
130 871 200 910 163
225 871 276 909 L¹
301 883 406 911 nunc
432 873 480 911 de
506 884 603 911 sono
619 885 720 912 nunc
737 873 782 912 de

136 947 228 974 sono
256 936 482 985 quaerimus
507 940 552 977 ut
577 937 670 988 (om.
698 950 782 977 voc.

136 1000 267 1047 uerba)

87 1140 137 1178 L1
171 1140 340 1189 superad
364 1140 510 1180 molum
546 1141 598 1181 ad
631 1142 782 1182 amicos

137 1205 308 1243 locorum

827 875 863 913 A
905 885 1010 913 nuno
1051 874 1100 912 de
1142 884 1240 911 sono
1285 872 1524 921 quaerimus.

884 938 1016 978 Uerba
1041 940 1085 977 ut

827 1003 859 1042 G
873 1015 979 1042 nunc
988 1004 1036 1042 de
1043 1015 1073 1042 s.
1082 1014 1331 1052 quaeramuS.
1339 1002 1471 1041 Uerba
1480 1004 1525 1041 ut

826 1068 857 1107 E
882 1080 920 1108 n.
948 1068 984 1109 d.
1011 1079 1041 1106 S.
1069 1067 1308 1117 quaerimus.
1331 1067 1465 1107 Uerba
1482 1070 1526 1107 ut

825 1145 862 1183 A
904 1143 1076 1193 superad
1122 1144 1269 1183 molum
1320 1143 1525 1183 adauricos

885 1209 1025 1247 Locorx

826 1273 860 1312 G
891 1276 1053 1323 superat
1096 1272 1260 1311 modum
1296 1275 1338 1312 at
1372 1273 1525 1311 amicos

885 1338 1056 1376 locorum

826 1402 856 1442 Ε
882 1404 1042 1453 superat
1069 1402 1233 1442 modum
1261 1404 1331 1442 aut
1360 1403 1524 1440 auratus

883 1468 976 1506 alles
1002 1467 1191 1506 bolcorum

84 1541 134 1581 L¹
160 1542 337 1592 protinus
356 1543 434 1594 inq.
454 1544 477 1585 i.
500 1544 625 1584 latera
650 1545 782 1584 finitus
826 1544 862 1582 A
886 1554 1104 1594 proxumus
1119 1542 1198 1592 inq.
1210 1541 1234 1581 i.
1248 1541 1379 1581 littera
1393 1542 1524 1582 finitus

83 1747 133 1787 L¹
160 1747 262 1788 fertu
289 1759 388 1788 arua
404 1748 499 1789 Asie
524 1751 646 1789 tentet

84 1811 106 1862 ξ
135 1812 208 1851 164
239 1813 289 1851 L¹
315 1825 389 1863 ego
415 1814 491 1853 ista
518 1815 770 1865 terricrepam

119 1877 240 1926 fidem

82 2017 133 2056 L¹
159 2021 194 2057 et
218 2018 407 2059 finiantur
425 2022 495 2060 aut
507 2020 594 2070 ipsa
618 2031 780 2070 compo-

132 2083 275 2122 sitione

826 1608 858 1647 G
883 1607 1088 1657 proximus
1123 1607 1147 1645 i.
1181 1607 1205 1647 i.
1236 1607 1367 1646 littera
1393 1607 1525 1646 finitus

882 1672 913 1711 E
939 1672 979 1712 it.

823 1747 861 1786 A
887 1746 987 1786 ferta
1005 1758 1040 1787 a.
1055 1746 1175 1786 Asiae
1191 1748 1298 1786 tenet
1323 1745 1356 1785 G
1374 1746 1414 1786 it.
1441 1746 1523 1788 Eit.

823 1813 860 1851 A
885 1823 957 1862 ego
976 1812 1052 1851 ista
1069 1812 1341 1861 perrierepam
1355 1811 1475 1861 fidem

823 1877 854 1916 G
880 1888 953 1927 ego
980 1876 1097 1916 istam
1124 1877 1375 1927 terrici-epam
1400 1877 1500 1916 idem

824 1943 855 1981 Ε
881 1952 954 1991 ego
979 1940 1036 1979 ita
1062 1941 1294 1991 tericrepam
1308 1941 1429 1991 fidem

824 2018 860 2056 A
887 2020 923 2056 et
946 2017 1137 2057 finiantur
1161 2019 1232 2056 aut
1256 2017 1344 2067 ipsa
1369 2028 1497 2067 comp,

825 2083 859 2122 G
883 2085 918 2121 et
942 2082 1133 2122 finiantur
1159 2094 1194 2122 a.
1221 2083 1245 2124 i.
1272 2093 1304 2122 c.

825 2146 857 2186 Ε
881 2149 924 2185 ut
939 2147 1129 2187 finiantur
1143 2146 1304 2186 alterum
1317 2147 1381 2195 (ex
1390 2157 1524 2196 praec.

883 2223 967 2251 voc.
994 2212 1136 2262 repet.)
1158 2214 1201 2250 ut
1225 2212 1314 2261 ipsa
1336 2223 1465 2260 comp.

82 2287 132 2326 L¹
157 2290 200 2325 ut
219 2289 387 2337 quedam
407 2299 552 2337 genera
568 2288 780 2327 verborum
824 2288 861 2327 A
886 2290 929 2325 ut
954 2288 1148 2336 quaedam
1165 2297 1311 2335 genera
1327 2297 1364 2327 v,
1378 2285 1522 2334 quibus

133 2352 275 2400 quibus
302 2352 402 2402 (voc.
429 2352 469 2390 in
495 2355 534 2391 et
558 2352 655 2401 ipsis
684 2352 779 2402 om.)

879 2363 891 2389 1
922 2362 974 2389 Sis

825 2416 857 2455 G
872 2362 942 2455 εἴη
951 2415 1120 2465 quedam
1130 2426 1275 2465 genera
1284 2413 1427 2464 quibus
1435 2413 1523 2463 ipsa

824 2482 856 2520 Ε
873 2481 995 2520 oratio
1004 2481 1162 2520 intescat
1174 2482 1217 2518 ut
1228 2481 1319 2518 sunt
1328 2478 1521 2528 quaedam

882 2558 1028 2597 genera
1054 2558 1089 2588 v,
1118 2545 1260 2595 quihus
1285 2545 1382 2594 ipsa.
