1771 2826
817 136 842 174 4

162 258 202 305 a)
243 255 369 295 Plutei
395 255 457 297 L.:

242 321 277 370 1)
304 320 458 359 Codicis
484 320 547 359 IV.
574 332 667 370 pars
694 321 720 361 1.

238 386 274 434 2)
304 385 398 425 Cod.
427 385 526 425 XIV.
562 397 654 434 pars
682 385 745 426 111.
783 386 888 435 (cum
923 386 1080 425 scholiis
1115 386 1266 435 Angeli,
1300 389 1343 425 ut
1376 386 1541 433 videtur,

301 449 504 499 Politiani)

237 516 276 564 3)
305 515 399 554 Cod.
426 515 560 555 XVIII.
588 526 682 565 pars
708 515 753 554 II.

235 581 276 629 4)
303 580 397 619 Cod.
426 580 528 619 XIX.
556 591 648 628 pars
676 580 703 620 I.

235 647 274 694 5)
303 645 397 685 Cod.
425 645 527 685 XXI.
556 657 649 695 pars
676 644 703 685 I.

237 712 273 758 6)
303 711 398 748 Cod.
424 711 543 750 XXII.
571 722 664 759 pars
691 711 718 750 Ι.

238 775 275 824 7)
304 774 398 816 Cod.
427 774 545 815 XXV.
573 787 667 825 pars
695 775 722 816 Ι.

237 842 275 889 8)
304 842 398 881 Cod.
426 841 566 881 XXXI.
595 854 688 890 pars
716 842 776 881 lV.

237 905 276 955 9)
304 905 399 946 Cod.
428 905 603 945 XXXVI.
631 917 724 955 pars
752 906 778 944 I.

216 971 273 1018 10)
303 970 397 1010 Cod.
426 971 636 1009 XXXVIII.
664 983 758 1020 pars
785 971 846 1010 111.

232 1035 282 1074 Hi
316 1035 405 1074 libri
441 1038 601 1085 praeter
636 1036 810 1075 codicem
849 1035 948 1076 XIV.
975 1036 1270 1076 membranacei
1306 1036 1490 1087 omnes*)
1517 1048 1541 1076 a

113 1101 427 1150 Lagomarsinio,
455 1101 521 1150 qui
548 1101 764 1140 incredibili
790 1101 964 1150 quadam
992 1101 1199 1140 sedulitate
1225 1101 1276 1140 ad
1303 1104 1541 1151 apparatum

112 1177 229 1215 quem
257 1170 413 1216 vocant,
439 1167 619 1206 criticum
646 1167 965 1206 constituendum
992 1167 1209 1216 permultos
1239 1166 1406 1206 contulit
1433 1166 1542 1206 Cice-

112 1232 219 1269 ronis
245 1232 532 1271 rhetoricorum
558 1233 723 1279 codices,
750 1234 789 1271 et
816 1232 948 1270 collati
967 1234 1006 1270 et
1025 1232 1199 1270 numeris
1226 1231 1420 1280 designati
1438 1234 1541 1270 sunt.

162 1294 205 1344 b)
241 1295 367 1335 Plutei

237 1360 431 1400 LXXXX.
468 1361 605 1411 Super.
642 1361 737 1401 Cod.
773 1361 1014 1401 LXXXVIII.
1051 1373 1143 1410 pars
1178 1361 1239 1401 IV.
1282 1361 1391 1408 (Cod.
1428 1361 1543 1400 char-

236 1427 384 1472 taceus,
412 1426 479 1475 qui
505 1426 640 1465 omnia
666 1438 788 1476 opera
815 1426 892 1466 Cic.
919 1426 1116 1465 rhetorica
1138 1426 1439 1476 complectitur).

163 1492 196 1538 c)
233 1489 360 1529 Plutei

235 1555 444 1594 LXXXXI.
472 1555 585 1596 Infer.
614 1555 708 1596 Cod.
737 1555 834 1596 VIII.
862 1567 955 1605 pars
982 1555 1045 1596 III.
1078 1555 1187 1603 (Cod.
1214 1554 1541 1594 membranaceus

236 1620 277 1659 in
301 1620 354 1670 4).

236 1684 293 1723 Ex
329 1684 390 1722 his
424 1685 544 1734 plutei
579 1684 620 1725 L.
657 1684 857 1724 codicibus
897 1696 977 1732 eos,
1017 1685 1083 1734 qui
1122 1685 1296 1724 numeris
1330 1683 1465 1724 XVIII.
1501 1685 1541 1722 et

110 1747 249 1788 XXXI.
279 1749 474 1798 designati
506 1752 609 1797 sunt,
647 1752 804 1799 praeter
829 1752 980 1788 ceteros
1007 1750 1074 1799 qui
1111 1739 1365 1789 conferantur
1399 1749 1541 1798 dignos

110 1825 195 1851 esse
222 1813 398 1852 affirmat
416 1813 583 1852 Orellius
606 1814 647 1852 in
665 1814 846 1853 editionis
872 1813 988 1860 illius,
1015 1825 1095 1863 qua
1114 1813 1337 1861 Oratorem,
1361 1814 1541 1860 Brutum,

109 1877 271 1927 Topica,
312 1878 361 1916 de
401 1877 494 1926 opt.
533 1877 576 1917 G.
618 1877 730 1918 Orat.
771 1879 901 1917 denuo
936 1878 1130 1917 recensuit
1164 1878 1315 1926 (Turici
1350 1889 1386 1917 a.
1426 1876 1539 1926 1830)

108 1953 199 1991 pag.
225 1941 342 1982 CXX.
370 1954 450 1991 seq.
478 1942 522 1980 In
549 1942 651 1981 illius
677 1942 821 1982 codicis
848 1942 983 1983 XVIII.
1011 1942 1116 1981 calce
1148 1942 1309 1992 legitur:
1350 1941 1541 1981 »Cosmae

109 2007 158 2045 de
195 2006 365 2048 Medicis.
431 2006 517 2046 Hoc
555 2019 654 2057 opus
691 2007 842 2047 absolvi
879 2006 1042 2046 feliciter
1079 2006 1143 2046 die
1181 2006 1311 2056 primo
1357 2005 1541 2046 Octobris

109 2070 417 2113 MCCCCXXIII.

160 2158 233 2195 ego
268 2146 491 2185 Jacobus
517 2147 732 2186 Antonii
760 2146 900 2186 Curli
926 2136 1125 2185 Januefi
1147 2146 1187 2193 (i.
1206 2157 1238 2185 e.
1266 2145 1491 2195 Januensis)

697 2212 955 2252 Florentiae«.

235 2281 325 2329 Qua
360 2293 406 2321 ex
443 2283 742 2333 subscriptione,
783 2294 904 2332 quam
941 2282 986 2322 G.
1021 2282 1285 2333 Vitellius,
1323 2281 1434 2320 cuius
1467 2281 1541 2319 viri

108 2345 323 2384 doctissimi
359 2348 396 2385 et
423 2346 700 2386 humanissimi
737 2358 858 2396 opera
895 2359 991 2386 usus
1026 2359 1114 2385 sum
1151 2345 1354 2395 singulari,
1387 2348 1492 2385 recte
1517 2357 1541 2385 a

235 2475 270 2524 ¹⁸¹)
298 2478 383 2534 Cod.
411 2479 509 2516 XIV.
529 2479 742 2516 chartaceus
771 2509 779 2517 .
809 2510 816 2517 .
847 2510 854 2518 .
882 2481 984 2516 nulla
1002 2481 1151 2527 Lagom.
1170 2480 1314 2526 quidem
1333 2478 1540 2525 epigraphe,

109 2539 172 2573 sed
200 2542 289 2574 nota
315 2535 436 2575 tamen
464 2541 650 2576 numerica
677 2541 724 2576 93
754 2541 945 2578 distinctus
973 2540 1392 2586 (Bandiniicat.1.1.p.
1413 2539 1513 2583 509).
