1771 2826
915 114 963 151 32

219 233 496 282 coniungenda
513 233 582 271 illa
600 234 711 278 sunt,
734 235 777 271 ut
794 232 1025 272 Ciceronem
1043 232 1245 281 scripsisse
1261 232 1477 272 coniciam:
1506 245 1655 273 »unum

219 298 359 345 aderit,
385 297 492 347 quod
519 329 528 338 .
548 326 558 337 .
577 321 585 339 ;
613 300 815 344 ornatum,
839 298 968 338 aberit
991 298 1086 338 illud
1110 310 1232 338 suave
1254 301 1294 338 et
1317 299 1533 345 afssuens‹;
1558 310 1656 338 nam

219 364 273 401 sic
301 363 401 402 bene
426 362 502 401 hoe
529 363 779 403 enuntiatum
804 373 896 402 cum
923 363 992 409 eis,
1017 375 1121 412 quae
1145 367 1376 413 sequuntur,
1401 365 1633 404 conectitur.

344 429 403 468 Ac
428 429 577 469 menda
603 429 802 478 quaedam
829 430 922 469 huic
947 430 1032 470 cod.
1060 433 1153 469 sunt
1187 431 1249 470 vel
1279 443 1370 470 eum
1403 442 1487 470 uno
1522 430 1655 479 aliquo

219 495 280 532 vel
315 506 406 533 cum
442 497 556 543 par-te
589 494 702 533 codd.
742 495 992 540 communia,
1026 497 1070 533 ut
1096 499 1154 534 est
1179 496 1220 534 in
1246 496 1350 539 Mon.
1378 506 1418 533 m
1438 498 1451 523 ¹
1483 497 1522 533 et
1547 494 1657 543 apud

220 558 394 597 Nonium
423 558 444 608 ἐ
470 558 517 596 21
545 560 589 596 ut
613 557 761 604 cinnas,
788 557 878 607 §38
900 558 1085 598 demensa
1112 560 1181 607 (sic
1208 563 1267 599 est
1293 561 1333 599 in
1359 560 1469 599 codd.
1485 560 1656 609 ‚praeter

220 624 324 671 Vit.)‚
353 624 374 673 ἓ
400 625 449 662 63
474 624 530 661 sic
556 625 605 663 de
633 623 918 671 —'loqumitur
951 626 1044 672 (om.
1072 624 1144 665 Gu.
1175 626 1207 671 1,
1233 627 1324 664 cett.
1351 625 1412 664 vel
1433 625 1493 663 sic
1517 625 1568 663 de
1593 624 1655 662 vel

220 688 297 726 fide
319 711 357 715 -
378 689 625 737 loquuntur),
653 688 743 738 §64
769 689 947 728 mirabile
973 690 1043 737 (sic
1060 690 1187 736 codd„
1213 691 1282 728 sed
1305 690 1345 728 in
1372 690 1478 729 Einsl
1496 688 1655 727 misera-

219 753 297 791 bile
332 753 541 801 legendum
578 765 664 794 esse
698 755 795 792 nota
822 753 1104 804 significatur),
1145 754 1166 804 g
1202 755 1248 793 77
1289 754 1439 794 oratori
1472 752 1656 803 (oratorii

217 818 411 866 praebent
435 818 501 857 Dr.
530 817 601 855 Gu.
634 819 665 855 1.
692 819 733 867 2)
760 822 831 858 etc.

344 888 726 927 Praetermittendos
752 901 837 927 esse
862 890 999 938 putavi
1027 901 1094 927 eos
1120 890 1205 929 eod.
1233 890 1352 936 locos,
1380 890 1450 938 qui·
1475 892 1556 936 aut,
1583 889 1656 927 etsi

218 955 374 993 molesti
392 955 542 1004 aliquid
560 954 601 992 in
618 966 660 992 se
677 954 845 1000 habent,
867 958 1002 993 tamen
1016 957 1185 1004 possunt
1197 955 1358 993 tolerari
1372 957 1442 993 aut
1457 965 1540 993 non
1558 954 1655 993 satis

219 1021 315 1059 certi
340 1021 543 1066 videntur,
582 1032 603 1058 e
630 1032 709 1068 quo
735 1032 902 1058 numero
938 1020 971 1058 is
998 1020 1107 1058 locus
1141 1020 1164 1069 ἓ
1194 1021 1240 1058 16
1267 1023 1346 1064 est,
1385 1020 1497 1058 cuius
1534 1031 1656 1068 supra

220 1084 292 1122 feci
320 1085 581 1123 mentionem:
621 1084 725 1130 Quid
752 1085 882 1123 dicam
918 1113 927 1122 .
955 1115 963 1124 .
992 1114 1001 1122 .
1038 1084 1209 1133 intellegi
1234 1085 1378 1134 posse?
1405 1084 1468 1124 ad.
1501 1084 1656 1133 ·Neque

219 1150 347 1198 magis
374 1150 472 1188 mihi
499 1162 524 1188 a
551 1150 729 1199 Sauppio
754 1150 795 1200 (1.
822 1149 845 1189 l.
874 1161 900 1199 p
937 1149 998 1198 10)
1024 1151 1095 1188 aut
1121 1149 1174 1188 ab
1201 1150 1261 1188 ed.
1286 1149 1383 1188 Ven.
1408 1150 1541 1198 priore
1565 1161 1655 1198 per·

219 1216 409 1253 suadetur
435 1217 484 1254 de
510 1216 595 1254 loeo
623 1215 645 1264 ἕ
672 1216 741 1253 33:
781 1215 1002 1252 admirabili
1036 1215 1147 1253 fama
1180 1215 1268 1253 virt.
1298 1214 1595 1259 incredibilium,
1633 1226 1655 1252 e

221 1280 364 1327 quibus
389 1280 453 1319 ille
479 1292 563 1319 voc.
582 1280 761 1320 incredib.
782 1280 1004 1329 explicandi
1031 1291 1152 1318 causa
1178 1279 1230 1318 ab
1256 1279 1418 1318 homine
1443 1280 1654 1328 grammat.

220 1345 417 1383 adiectum
454 1357 538 1385 voe.
575 1345 796 1383 admirabili
830 1345 1063 1392 delendum,
1101 1344 1201 1383 haec
1234 1345 1536 1394 transponenda
1570 1355 1655 1383 esse

221 1410 415 1450 adiectiva
441 1411 590 1450 statuit.
643 1410 755 1458 Quae
780 1413 915 1450 autem
943 1413 1039 1449 sunt.
1061 1411 1103 1450 in
1128 1410 1204 1449 hoc
1231 1411 1365 1449 codice
1386 1410 1494 1460 §472
1522 1409 1656 1448 Facile

220 1503 229 1512 .
259 1504 265 1512 .
298 1507 304 1514 .
332 1478 532 1524 percurret
559 1477 645 1522 etc.⁹
672 1488 720 1514 ea
745 1477 877 1514 nescio
904 1488 968 1522 an,
994 1476 1070 1514 nisi
1097 1476 1203 1525 quod
1238 1475 1507 1525 (generatim),
1540 1474 1657 1513 discet

220 1540 372 1588 vulgari
399 1552 531 1579 errore
550 1541 741 1589 scriptum
760 1543 830 1584 est,
856 1552 951 1579 vera
969 1540 1047 1578 sint
1065 1541 1348 1579 existimanda:
1376 1551 1478 1589 quae
1496 1540 1656 1588 quidem

222 1605 349 1650 lectio,
377 1617 424 1643 ex
451 1605 624 1654 antiquis
652 1605 738 1645 edd.
767 1604 1006 1654 (Cratandri‚
1033 1605 1207 1651 Victorii,
1233 1605 1417 1654 Manutii)
1436 1604 1658 1643 emendati-

223 1681 298 1708 one
325 1670 504 1709 confecta
530 1682 555 1709 a
578 1670 711 1720 Lipsio
738 1670 843 1718 (Var.
871 1670 974 1710 lectt.
1001 1669 1047 1718 11,
1076 1671 1126 1719 7),
1152 1670 1345 1720 probatur
1370 1670 1568 1709 Lambino
1591 1668 1656 1719 (cf.

223 1735 282 1774 ed.
311 1746 345 1774 a.
377 1736 473 1773 1573
503 1748 540 1784 p.
568 1736 670 1785 828).
1325 1736 1327 1738 ’

347 1806 484 1854 Neque
519 1808 655 1845 tamen
692 1818 828 1845 meum
863 1819 947 1846 esse
982 1807 1157 1854 videtur,
1197 1808 1246 1846 de
1281 1806 1467 1845 omnibus
1493 1806 1589 1844 locis
1616 1805 1657 1844 in

223 1871 366 1919 quibus
393 1873 607 1921 quicquam
633 1875 692 1911 est
719 1872 840 1919 dubii,
867 1873 1091 1921 deputam
1124 1872 1574 1920 quamobrem2<tempus
1599 1872 1658 1908 est

223 1947 290 1973 eas
318 1937 508 1976 afferendi
534 1938 721 1978 lectiones
747 1950 881 1985 veras,‹
900 1949 1003 1987 quae
1030 1938 1148 1977 huius
1165 1940 1261 1977 sunt
1278 1936 1422 1980 codicis
1439 1935 1658 1977 Laudensis

223 2003 394 2050 exempli
419 2004 617 2052 propriae.
846 2041 849 2043 ,

349 2072 370 2122 ξ
402 2073 447 2111 15
472 2085 576 2112 unus
602 2086 740 2114 veram
757 2074 868 2113 verbi
885 2073 1058 2112 formam
1072 2073 1215 2113 tradit:
1241 2071 1346 2112 dicit.
1392 2070 1507 2118 Quae
1522 2072 1657 2112 autem

223 2137 409 2185 leguntur
436 2138 457 2188 ξ
483 2139 553 2177 23:
592 2140 760 2187 &civim
788 2139 1098 2184 accommodarit,
1129 2150 1181 2177 ea
1214 2141 1318 2176 sunt*
1341 2138 1380 2175 et
1401 2135 1658 2177 in>Lambini

222 2202 324 2240 libro
353 2203 430 2250 (ed.
454 2216 489 2242 a.
513 2205 609 2242 1573
635 2216 672 2253 p.
691 2205 783 2253 589)
811 2207 849 2243 et
875 2216 899 2242 a
921 2204 1078 2253 Meyero
1095 2203 1321 2251 Orellioque
1346 2213 1394 2240 ex
1413 2200 1656 2246 coniectura,

222 2267 297 2305 nisi
324 2268 483 2306 animus
510 2281 575 2316 me
601 2269 714 2316 fallit,
739 2271 919 2318 recepta:
953 2280 1056 2317 quae
1089 2268 1211 2306 verba
1237 2270 1282 2305 ut
1308 2266 1355 2313 ei,
1382 2266 1459 2314 qui-
1477 2277 1502 2303 a
1527 2264 1657 2302 Nonio

222 2344 259 2381 p.
278 2333 354 2370 244
372 2333 515 2372 allatos
544 2334 790 2383 perspexerit
818 2333 937 2379 Ιοοοε,
963 2333 1061 2371 nihil
1092 2332 1259 2371 afferent
1290 2328 1575 2374 admirationis,
1601 2328 1658 2367 ita

223 2396 455 2436 Pideritium
481 2399 628 2437 mirum
655 2402 850 2449 quantum
869 2410 894 2437 a
911 2410 1004 2437 vero
1023 2398 1313 2442 avocaverunt;
1339 2407 1436 2434 nam
1455 2394 1656 2444 quomodo

224 2462 312 2510 quis
330 2463 370 2500 in
388 2463 509 2502 verbo
529 2465 858 2503 accommodandi
887 2465 1013 2502 inesse
1036 2465 1147 2502 »dem
1168 2463 1356 2502 [dealbild
1371 2461 1657 2511 entspreohend

223 2528 378 2565 finden«
418 2540 464 2566 ex
499 2529 588 2566 libri
622 2529 666 2566 II.
695 2531 743 2567 de
769 2541 825 2568 or.
859 2529 880 2578 ἕ
907 2529 982 2567 250
1006 2529 1232 2567 coniectura
1258 2528 1544 2576 consequatur,
1583 2536 1656 2573 ego
