1771 2826
902 131 951 170 24

203 261 252 290 ac
284 250 468 289 Teuffelii
501 250 663 289 inventa
702 252 767 301 (cf.
802 254 841 291 et
871 251 1280 291 libellorumffuonac.
1310 251 1386 291 vol.
1410 251 1462 290 33
1485 262 1524 301 p.
1546 252 1645 298 416,-

200 315 278 354 439
303 317 343 354 et
367 314 517 354 annali.
533 326 625 356 nor.
643 315 747 366 Lips.
767 316 790 357 l.
809 316 848 366 l.)
873 328 996 367 quam
1022 318 1209 367 perversa
1233 319 1366 363 esseut
1390 317 1639 357 demonstra-

201 381 269 425 vit,
296 382 336 418 et
363 380 653 429 Stegmannius
676 380 717 427 (1.
743 381 768 420 l.
793 392 832 430 p.
860 381 926 430 20)
952 382 1172 421 satisrecte
1183 381 1316 421 deiillo
1332 381 1638 428 loco-iudicavit,

201 448 339 484 tamen
363 455 457 483 cum
482 446 621 483 neuter
646 456 784 484 eorum
802 446 900 496 quid
926 449 1028 486 esset
1043 446 1095 486 :in
1118 446 1231 486 codd.
1259 447 1532 496 perspexisset,
1556 448 1640 486 non

201 522 366 560 prorsus
392 521 556 549 sanasse
581 510 766 549 videntur
804 511 949 550 locum.
1000 511 1093 551 Voc.
1129 511 1239 550 domo
1272 512 1379 549 enim
1414 523 1497 549 non
1530 512 1641 550 deest

200 574 275 612 nisi
302 574 342 612 in
369 573 474 614 Eius.
502 576 542 613 et
559 574 634 614 vit.
663 577 773 623 (nam
799 575 904 616 Mon.
931 576 973 614 in
995 576 1301 615 nullonumero
1327 577 1412 622 est),
1440 576 1509 614 sed
1533 577 1637 626 part.

201 641 236 677 et
262 639 304 677 in
330 639 354 677 l.
381 639 532 678 mutilis
566 651 648 678 non
674 640 893 686 invenitur3
912 652 1009 689 *qua
1041 641 1240 690 particula·
1271 641 1406 679 addita
1431 652 1523 679 cum
1549 652 1639 679 sen·

201 704 326 742 tentia
346 725 392 731 —
411 715 506 742 nam
535 715 638 752 quae
655 707 878 754 sequuntur
896 705 1037 744 verba:
1064 708 1101 743 et
1123 704 1261 744 horum
1277 708 1350 744 etc.
1368 705 1636 755 amplificandi

201 779 324 807 causa
363 767 517 807 adiecta
555 780 641 807 esse
680 771 848 818 apparet
888 789 936 798 --
976 770 1247 820 perturbetur,
1285 782 1406 819 quam
1446 770 1638 820 praebent

200 833 410 871 lectionem
438 832 538 874 Gud.
566 836 604 871 et
630 834 728 873 Erl.:
769 845 853 872 cum
887 833 1096 882 abfuisse-m
1124 835 1234 873 domo
1270 835 1483 884 (affuissem
1516 835 1642 874 tradit

200 896 331 943 Laur.‚
357 896 569 945 adfuissem
594 896 705 943 Abr.,
731 909 813 947 qua
838 898 888 937 de
914 910 957 937 re
984 910 1103 948 saepe
1128 910 1152 937 a
1178 899 1349 938 librariis
1375 899 1497 938 errari
1525 899 1638 938 docet

201 963 364 1010 Neuius,
389 963 588 1002 Formenl.
610 964 648 1003 d.
675 963 743 1003 lat.
770 963 858 1013 Spr.
886 963 944 1010 11.‚
971 976 1008 1013 p.
1038 963 1139 1012 742),
1166 975 1214 1003 ea
1241 964 1336 1014 quin
1363 975 1457 1002 vera
1482 964 1532 1002 sit
1557 975 1638 1003 non

201 1028 351 1067 dubito.
403 1027 594 1078 Deindeg
617 1028 688 1067 148
705 1029 823 1069 Laur.
848 1040 940 1067 cum
970 1029 1106 1068 ceteris
1134 1031 1232 1069 mut.
1250 1029 1499 1067 consentiens
1517 1028 1639 1068 tradit

201 1092 344 1131 verba:
387 1093 566 1142 profecto
601 1093 783 1131 maximis
819 1092 939 1132 rebus
977 1093 1198 1132 forensibus
1234 1093 1379 1131 nostris
1414 1096 1448 1131 et
1473 1093 1639 1131 eoeternis

199 1157 371 1194 inclusae
396 1159 431 1194 et
454 1156 698 1195 domesticae
723 1157 878 1196 litterae
895 1168 1010 1207 resp.,
1038 1169 1159 1207 quam
1183 1157 1405 1203 lectionem.
1431 1157 1503 1196 etsi
1521 1157 1639 1206 plane

200 1223 401 1271 respuitur
428 1222 481 1260 ab
507 1222 675 1268 Orellio,
712 1224 849 1261 tamen
876 1222 1200 1271 praeponendam
1227 1222 1401 1260 arbitror
1426 1221 1481 1267 ei,
1515 1232 1638 1270 quam

201 1286 567 1334 exhibentintegri:
594 1286 817 1324 forensibus
843 1286 987 1325 nostris
1014 1286 1133 1325 rebus
1158 1285 1278 1324 etiam
1305 1286 1411 1324 dom.
1437 1285 1509 1324 litt.
1535 1297 1636 1334 resp.

202 1350 307 1389 Nam
334 1363 464 1400 neque
489 1352 602 1391 codd.
629 1351 770 1398 mutili,
804 1352 988 1401 quamvis
1013 1352 1118 1402 pleni
1152 1363 1332 1390 errorum
1358 1351 1438 1390 sint
1464 1363 1488 1389 a
1514 1351 1636 1389 libra-

200 1416 350 1453 riorum
385 1416 447 1454 vel
483 1416 735 1465 neglegentia
773 1417 835 1455 vel
872 1416 1140 1466 imprudentia
1172 1416 1460 1465 profectorum,
1498 1416 1637 1454 tamen

199 1483 357 1529 praeter
382 1480 460 1521 Erl.
495 1480 551 1530 (et
578 1481 662 1521 Vet.
689 1481 766 1530 St.)
803 1481 984 1531 pluribus
1020 1492 1142 1530 quam
1177 1481 1320 1529 integri
1356 1480 1637 1518 additamentis

198 1547 294 1582 sunt
319 1545 508 1593 corrupti,
545 1556 674 1593 neque
699 1547 801 1594 part.
828 1545 953 1590 etiam,
978 1545 1091 1583 cuius
1116 1545 1203 1583 loco
1230 1545 1271 1582 in
1297 1544 1417 1583 eddit.
1445 1544 1638 1593 antiquis-

201 1609 312 1648 simis
351 1611 385 1647 εἰ
418 1609 580 1659 legitur,
617 1621 709 1649 cum
748 1621 821 1649 nec
860 1610 1031 1649 addatur
1067 1610 1281 1659 quicquam
1320 1620 1392 1648 nec
1429 1612 1638 1658 augeatur,

200 1675 281 1713 ullo
315 1676 432 1723 pacto
465 1677 598 1723 potest
630 1675 804 1713 tolerari.
857 1674 1019 1720 Quanta
1057 1676 1193 1712 autem
1231 1673 1443 1712 verborum
1482 1673 1638 1722 magni·
1668 1712 1672 1717 ,

201 1738 360 1777 ficentia
387 1749 482 1777 usus
510 1738 647 1777 Cicero
676 1741 715 1777 et
740 1751 803 1777 res
830 1740 961 1787 gestas
987 1740 1027 1777 et
1054 1738 1200 1788 scripta
1226 1749 1300 1776 sua
1325 1749 1639 1777 commemorare

201 1803 346 1849 soleat,
382 1803 423 1842 in
456 1815 676 1853 permagno
711 1803 889 1843 locorum
924 1814 1089 1842 numero
1127 1804 1295 1852 apparet
1323 1802 1388 1851 (cf.
1415 1814 1472 1842 or.
1503 1803 1575 1841 140
1601 1805 1639 1841 et

201 1869 251 1907 de
283 1868 422 1908 vocab,
456 1868 627 1906 inclusae
661 1880 718 1908 or.
745 1869 786 1907 in
813 1868 998 1907 Pisonem
1025 1868 1047 1917 5
1073 1868 1150 1914 21).
1201 1867 1378 1916 Denique
1405 1867 1426 1916 ἕ
1454 1867 1528 1905 235
1554 1878 1638 1907 voc.

201 1932 523 1981 reformidavisse,
550 1933 657 1982 quod
684 1935 744 1971 est
769 1933 812 1972 in
837 1933 949 1971 codd.
977 1932 1126 1971 mutilis
1150 1932 1202 1980 (et
1220 1932 1259 1970 in
1278 1931 1351 1970 Gu.
1373 1932 1404 1970 1.
1424 1932 1488 1980 2.),
1511 1933 1640 1980 magis

199 1998 442 2046 respondere
467 1999 648 2047 sequenti
672 1998 811 2037 vocab.
829 1998 1016 2047 refuyisse
1041 2009 1162 2046 quam
1189 1996 1297 2046 quod
1318 1996 1504 2034 exhibent
1522 1995 1641 2041 Eius,

201 2061 291 2108 vit„
330 2061 396 2102 Dr.
433 2074 519 2102 voc.
547 2063 836 2111 formidavisse,
875 2074 994 2101 nemo
1017 2064 1088 2101 *est
1122 2061 1219 2111 quin
1257 2060 1479 2110 intellegam
1518 2071 1640 2110 quam

201 2127 371 2165 eandem
395 2127 488 2166 fecit
505 2128 828 2167 emendationem
855 2127 1080 2176 Naugerius
1111 2126 1280 2174 Philipp.
1299 2125 1400 2170 XIV,
1427 2125 1472 2162 9:
1498 2124 1642 2173 refugit

201 2191 372 2238 animus,
400 2203 438 2241 p.
466 2203 514 2239 c.,
541 2203 668 2241 eaque
694 2191 824 2230 dicere
849 2190 1091 2230 reformidat.

327 2270 465 2319 Neque
500 2271 644 2310 desunt
677 2271 764 2316 loci,
800 2270 942 2319 quibus
970 2269 1065 2308 locis
1091 2268 1219 2307 utrius
1245 2267 1357 2306 codd.
1385 2266 1538 2315 generis
1565 2266 1641 2304 lec-

200 2334 341 2381 tiones,
367 2335 599 2373 mutilorum
628 2345 680 2373 an
707 2335 860 2384 integr„
895 2335 973 2373 sint
999 2333 1294 2383 praeferendae,
1328 2331 1535 2370 diiudicari
1561 2341 1642 2369 non

201 2402 342 2447 potest,
369 2400 480 2438 cujus
508 2400 663 2448 generis
689 2400 946 2438 manifestum
972 2401 1032 2438 est
1058 2397 1282 2446 exemplum
1310 2396 1332 2446 5
1355 2395 1437 2440 149,
1464 2395 1532 2434 ubi
1550 2394 1592 2434 in
1616 2394 1639 2434 l.

201 2464 351 2503 mutilis
376 2463 540 2514 legitur:
566 2467 609 2502 ut
623 2464 702 2514 fiat
726 2464 841 2514 quasi
867 2465 1065 2503 structura
1092 2462 1290 2512 quaedam
1318 2472 1390 2500 nec
1414 2462 1552 2499 tamen
1565 2459 1644 2510 fiat

201 2541 282 2568 non
309 2529 441 2568 minus
467 2531 574 2568 recte
600 2542 722 2579 quam
750 2531 857 2579 quod
894 2531 952 2568 est
980 2529 1020 2568 in
1048 2527 1229 2577 integris:
1282 2526 1357 2564 Est
1381 2525 1482 2564 emim
1509 2536 1545 2574 q.
1574 2527 1640 2563 str.
