1771 2826
872 158 895 195 5

173 276 367 316 Bandinio
385 275 425 326 (1.
443 276 468 315 l.
486 287 523 325 p.
542 276 634 325 510)
652 278 883 316 adnotatam
901 288 986 315 esse
1004 276 1263 323 confirmavit,
1290 276 1395 314 hunc
1421 276 1593 314 codicem

172 353 258 381 esse
295 341 336 379 in
370 351 536 379 numero
574 340 940 390 antiquissimorum
975 341 1191 380 Laudensis
1228 340 1430 389 archetypi
1465 352 1596 379 exem-

171 406 328 456 plorum
363 405 476 443 facile
516 407 704 454 apparet;
743 417 838 444 nam
873 407 1144 455 pervetustum
1181 405 1287 444 illum
1332 405 1504 444 codicem
1544 404 1595 442 ab

171 470 410 516 Landrian0‚
436 470 619 519 episcopo
644 470 851 517 Laudensi,
878 483 983 510 anno
1014 471 1109 509 1422
1135 470 1222 521 (aut
1251 469 1348 509 1420
1372 469 1421 508 cf.
1447 469 1523 508 Eos
1549 468 1595 515 II,

171 548 210 585 p.
230 534 319 584 351)
349 534 504 572 »multis
521 535 784 584 maximisque
802 535 842 573 in
855 535 1083 574 ruderibus«
1105 537 1305 584 repertum
1325 546 1409 573 esse
1426 535 1595 572 constat.

172 599 278 638 Idem
326 597 518 637 »Jacob'us
545 598 685 637 Curlus
724 599 911 639 Januen.‹
966 600 1120 639 Romae
1164 599 1331 638 absolvit
1372 598 1472 637 XVI.
1512 598 1596 636 Kal.

173 664 334 704 Octobr.
359 663 682 704 MDCCCCXXV.
710 664 763 714 pl.
789 664 830 705 L.
858 665 942 705 cod.
962 664 1121 705 XXXII.
1148 665 1197 704 de
1216 665 1382 704 Oratore
1408 664 1529 703 libros
1547 663 1597 702 III

171 730 448 768 continentem.
500 729 633 768 Codici
659 731 794 768 autem
820 729 995 768 eiusdem
1021 730 1073 778 pl.
1091 729 1230 768 XXXI.
1255 729 1477 777 subscripta
1505 730 1597 765 sunt

172 795 270 834 haec
287 794 429 833 verba:
470 794 655 844 »Scripsit
681 793 905 844 Poggius
931 793 1134 833 Martini
1161 793 1330 844 Papae
1356 793 1399 831 V.
1426 793 1596 833 Secret.

172 860 313 897 Valeas
341 860 407 907 qui
433 859 561 908 legis«
608 860 793 908 Poggius,
820 860 886 908 qui
917 859 1160 908 »complures
1180 859 1332 896 codices
1351 859 1596 906 transcripsit

173 924 452 973 grandiuscula
485 923 858 973 accuratissimaque
893 924 1107 974 scriptura«
1148 924 1284 972 (Band.
1321 923 1345 963 l.
1382 924 1405 963 l.
1441 935 1478 972 p.
1506 922 1596 972 518)

171 991 324 1038 quanto
359 989 504 1037 gaudio
531 989 801 1027 Landrianum
836 989 1010 1027 codicem
1048 989 1156 1026 illum
1184 989 1233 1026 de
1259 988 1428 1026 Oratore
1463 987 1596 1033 libros,

171 1053 359 1100 Brutum,
400 1052 608 1093 Oratorem
648 1053 972 1103 complectentem
1017 1053 1222 1092 »maximis
1257 1065 1281 1092 a
1315 1051 1521 1091 ruderibus
1557 1052 1595 1089 in

170 1119 297 1157 lucem
315 1118 518 1157 extulisse«
541 1118 745 1165 audiverit,
772 1131 819 1156 ex
836 1119 1009 1167 epistolis
1028 1119 1080 1157 ab
1099 1131 1143 1157 eo
1162 1119 1243 1158 Nic.
1264 1118 1422 1156 Niccolo
1442 1117 1596 1165 scriptis

170 1182 416 1231 intellegitur.

295 1253 455 1291 Praeter
487 1253 560 1291 hos
595 1254 747 1291 codices
783 1254 954 1302 integros
989 1254 1086 1291 liber
1120 1254 1282 1291 mutilus
1318 1253 1358 1290 in
1392 1253 1525 1301 pluteo
1552 1253 1594 1289 L.

170 1316 264 1356 bibl.
293 1317 409 1355 Laur.
436 1319 673 1364 asservatur,
711 1318 759 1357 de
795 1329 872 1367 quo
907 1317 1005 1356 haec
1040 1318 1223 1366 leguntur
1250 1318 1290 1355 in
1317 1317 1439 1356 Band.
1477 1317 1593 1357 catal.

168 1393 208 1431 p.
235 1382 331 1420 519:

297 1456 391 1496 Cod.
418 1456 594 1496 XXXIII.
622 1456 666 1495 II.
695 1457 807 1505 (pars
832 1456 925 1506 ΙΙ.)
942 1457 1226 1505 Fragmentum
1245 1457 1345 1502 libri,
1374 1457 1440 1505 qui
1459 1457 1594 1494 inscri—

171 1521 278 1560 bitur
300 1521 465 1560 »Orator
480 1522 531 1560 acl
546 1521 748 1569 Brutum‹,
775 1534 799 1560 a
816 1522 964 1560 verbis:
996 1521 1193 1560 »Tertium
1215 1522 1321 1570 quod
1340 1523 1462 1559 restat
1476 1521 1593 1559 huius

169 1586 403 1635 partitionis,
430 1587 630 1635 ingenium
658 1590 727 1633 est,
755 1587 801 1633 Q.
829 1587 976 1633 Frater,
1003 1587 1127 1625 multo
1153 1586 1335 1625 subtilius
1361 1586 1455 1633 (leuc
1477 1597 1595 1633 usque

170 1650 307 1688 lineola
333 1650 452 1687 deleta
478 1652 583 1698 sunt)
618 1651 823 1699 multoque
848 1651 1062 1695 robustius,
1102 1663 1223 1699 quam
1250 1651 1324 1688 hoc
1352 1650 1511 1696 humile,
1546 1651 1594 1688 de

170 1726 250 1763 quo
276 1714 426 1753 dictum
453 1717 544 1754 est.‹
599 1715 775 1764 Itemque
808 1728 845 1765 p.
871 1716 957 1762 493,
989 1715 1057 1753 ubi
1093 1714 1275 1754 biblioth.
1310 1715 1595 1754 Riccardianae

169 1780 292 1818 codex
327 1779 501 1827 quidam,
537 1780 603 1827 qui
635 1780 737 1818 idem
766 1780 940 1819 continet
973 1780 1022 1818 de
1049 1779 1218 1818 Oratore
1252 1778 1337 1819 libr.
1369 1779 1594 1828 fragmenta

170 1846 208 1882 et
234 1843 471 1881 Partitiones
498 1843 619 1889 Orat„
644 1846 989 1890 commemoratur,
1015 1844 1113 1882 haec
1138 1844 1343 1892 leguntur:
1390 1843 1593 1881 »Oratoris

168 1907 451 1956 fragmentum,
489 1909 599 1946 cuius
625 1908 780 1947 initium
821 1911 879 1947 est
915 1909 956 1946 in
994 1908 1068 1946 illis
1095 1907 1246 1958 Capitis
1272 1907 1409 1949 XXVI.
1442 1908 1592 1946 verbis:

173 1971 374 2010 »Tertium
402 1972 508 2020 quod
533 1974 655 2010 restat
681 1973 799 2011 huius
824 1973 1045 2021 partitionis
1072 1974 1274 2022 ingenium
1301 1975 1360 2011 est
1385 1972 1433 2018 Q.
1456 1973 1594 2010 Frater

170 2036 297 2075 multo
323 2036 528 2075 sublimius
553 2037 756 2087 multoque
779 2038 1001 2077 robustius«
1031 2040 1101 2078 etc.
1126 2049 1296 2088 quorum
1323 2037 1481 2088 quidem
1508 2049 1593 2076 ver-

168 2101 311 2139 borum
338 2113 419 2139 non
444 2102 519 2139 nisi
547 2105 792 2157 postremum
819 2103 1015 2141 Ciceronis
1050 2106 1131 2148 est;
1166 2104 1302 2152 priora
1329 2115 1375 2141 ex
1400 2114 1485 2150 suo,
1512 2104 1593 2140 sive

169 2175 217 2203 ex
243 2166 374 2204 nescio
413 2166 523 2204 cuius
563 2167 720 2216 ingenio
760 2167 942 2206 librarius
980 2167 1146 2206 attulit.‹
1200 2168 1269 2206 Illa
1304 2170 1437 2206 autem
1472 2167 1593 2205 verba

168 2231 254 2270 cod.
269 2230 444 2271 XXXIII.
476 2231 677 2271 »Tertium
701 2265 709 2272 .
739 2265 747 2272 .
776 2264 784 2272 .
813 2261 821 2270 .
848 2232 1051 2271 subtilius‹
1082 2245 1106 2271 a
1133 2245 1255 2271 manu
1274 2233 1407 2279 altera,
1433 2235 1477 2270 ut
1495 2233 1591 2273 mihi

168 2294 419 2334 Maassius
446 2297 663 2344 adnotavit,
688 2298 815 2336 deleta
840 2300 933 2336 sunt
959 2297 1010 2336 ab
1037 2298 1255 2346 eademque
1281 2298 1589 2347 suprascriptum

168 2362 253 2399 est:
277 2360 565 2409 »fragmentum
592 2363 770 2411 opusculi
796 2364 902 2412 quod
929 2363 1153 2402 inscribitur
1180 2359 1323 2402 Orator
1349 2363 1400 2401 ad
1428 2363 1591 2401 Brutum

168 2425 279 2463 cuius
304 2425 484 2464 initium:
521 2427 656 2464 utrum
684 2426 879 2465 difficilius
906 2427 966 2465 Ac
992 2428 1156 2467 maius«
1210 2427 1273 2465 Ab
1300 2427 1438 2465 iisdem
1464 2426 1594 2464 verbis

171 2489 402 2539 »multoque
422 2489 644 2529 robustius‹
675 2493 713 2530 et
738 2491 802 2530 ille
827 2492 961 2537 codex,
989 2492 1055 2541 qui
1075 2492 1196 2531 Vetus
1223 2491 1416 2541 Stephani
1443 2491 1594 2537 dicitur,

168 2554 319 2593 orditur
346 2556 384 2594 et
411 2554 624 2604 aliquando
663 2567 775 2595 orsus
810 2569 896 2596 esse
930 2557 1084 2596 videtur
1118 2558 1202 2597 cod.
1230 2557 1492 2606 Erlangensis,
1527 2558 1592 2606 qui
