1771 2826
800 154 847 193 ⁶27

113 275 211 327 mut.
237 275 278 313 et
302 273 441 321 integr.
459 272 645 315 lectiones
661 275 823 315 movent
840 272 1143 317 dubitationem,
1168 271 1226 310 ita
1243 270 1539 309 diiudicandum

114 338 229 377 nobis
247 349 331 377 esse
357 337 564 384 contendo,
572 348 579 363 ⁵
590 337 787 378 utneutri
812 336 924 376 codd.
953 336 1085 386 generi
1111 335 1256 374 addicti
1282 336 1417 374 omnia
1438 337 1476 373 et
1498 334 1541 373 in

114 402 623 443 sermoniscontinuatione
647 404 687 443 et
711 402 752 444 in
778 401 1038 443 Ciceroniana
1063 401 1350 440 rhetoricorum
1367 400 1545 440 maxime

113 468 303 506 librorum
329 467 482 513 dicendi
509 467 794 509 consuetudine
818 467 951 517 posita
979 477 1065 509 esee
1091 465 1340 506 arbitremur.

238 532 542 582 Nequetarnen
565 533 676 582 prius
711 532 876 574 missam
902 532 1007 571 hanc
1031 531 1176 570 codicis
1201 533 1356 580 partem
1380 530 1545 578 faciam,

116 609 236 647 quam
273 597 486 635 nonnullas
520 609 547 636 a
579 609 631 638 m.
665 600 810 638 recent.
841 597 1069 645 transcripti
1095 596 1184 634 libri
1209 596 1433 644 particulas·
1448 606 1542 634 cum

114 662 260 702 eisdem
288 662 465 702 codicum
492 662 595 702 Eins.
623 663 664 701 et
688 662 765 702 Vit.
792 664 831 702 et
855 661 990 700 Dresd.
1017 660 1220 710 particulis
1244 670 1547 709 comparavero,

115 727 256 777 quibus
297 728 410 766 codd.
448 728 690 777 comparatis
728 727 826 766 haec
864 739 1022 776 quoque
1060 725 1322 775 apparebunt,
1359 736 1489 774 neque
1515 736 1541 763 a

114 793 322 833 Dresdensi
349 793 482 831 codice
515 793 640 832 solere
669 792 808 831 ceteris
841 791 1036 831 deteriora
1072 791 1259 837 exhiberi,
1292 802 1419 839 neque
1445 801 1545 837 eene,

115 869 238 906 quare
250 857 525 898 Einsiedlensis
542 860 656 897 tanto
669 857 916 906 praeferatur
928 858 1064 896 ceteris
1080 857 1181 896 codd
1195 886 1204 903 ‚
1232 860 1382 906 quanto
1394 856 1541 895 Orellio

58 959 60 961 ,
114 922 176 971 (ef.
205 922 228 961 l.
256 922 279 962 l.
306 934 343 971 p.
372 922 521 972 CXIII.)
547 922 828 972 praeferendus
855 934 939 961 esse
965 922 1158 962 videatur.

116 1002 137 1051 ξ
167 1003 238 1041 116
266 1003 317 1040 L2
347 1003 423 1041 nisi
450 1003 554 1042 enim
858 1002 889 1041 E
914 1000 989 1040 ni'si
1016 1003 1122 1040 enim
1147 1002 1181 1040 V
1206 1002 1280 1040 nisi
1314 1003 1409 1051 (om.
1436 1001 1556 1051 enim)

905 1066 939 1105 D
964 1067 1040 1105 nisi
1066 1067 1171 1106 enim

113 1133 164 1171 L2
202 1133 419 1182 disceptent
446 1132 681 1181 (disceptant
707 1135 811 1170 recte
856 1132 886 1170 E
919 1132 1137 1180 discrepant
1168 1132 1203 1170 V
1241 1132 1456 1180 disceptent
1492 1131 1527 1170 D

162 1209 220 1246 pr.
249 1197 360 1235 codd.
387 1197 503 1247 mut.)
667 1198 669 1200 ’
904 1196 1119 1246 disceptent

113 1262 164 1300 L2
194 1262 365 1302 involute
856 1261 886 1299 E
911 1262 1090 1300 involuta
1118 1262 1152 1299 V
1178 1261 1417 1299 involuntate
1435 1263 1448 1285 ¹
1479 1261 1541 1299 in-

903 1326 1040 1364 voluta
1057 1327 1072 1350 ²
1101 1325 1135 1363 D
1162 1325 1358 1363 involutae

111 1391 162 1430 L2
193 1391 231 1430 in
259 1404 325 1431 eas
353 1392 447 1441 (om.
474 1391 532 1443 ut)
855 1390 886 1429 E
911 1391 951 1429 in
978 1383 1045 1430 eas
1071 1390 1165 1440 (om.
1192 1393 1249 1437 ut)
1274 1390 1308 1428 V
1333 1391 1438 1430 utin
1459 1402 1527 1429 eas

904 1456 937 1494 D
962 1459 1011 1495 ut'
1032 1457 1074 1494 in
1099 1468 1170 1495 eas·

113 1519 133 1569 5
165 1521 234 1559 117
260 1520 311 1559 L2
342 1523 386 1559 ut
411 1521 573 1560 definire
856 1521 886 1560 E
900 1524 944 1559 ut
958 1520 1031 1561 def.
1048 1521 1138 1560 Vut
1149 1521 1225 1561 def.
1245 1521 1277 1559 D
1291 1520 1367 1561 def.
1383 1521 1557 1570 (omui)

111 1584 162 1622 L²
193 1586 504 1634 popularemque
856 1585 886 1624 E
911 1585 1223 1634 popularemque
1253 1586 1286 1624 V
1317 1586 1554 1635 popularem

907 1651 998 1698 (om.
1025 1649 1111 1699 que)
1145 1649 1179 1688 D
1205 1650 1519 1700 popularemque

111 1713 165 1751 La
191 1725 320 1762 neque
344 1714 684 1762 praetermittatur
854 1714 884 1753 E
896 1717 1106 1763 praeterm.
1122 1715 1214 1763 (om.
1233 1716 1364 1763 neque)
1376 1715 1410 1753 V
1423 1726 1554 1764 neque

903 1781 1027 1829 praet.
1054 1778 1088 1817 D
1112 1779 1157 1819 it.
1403 1793 1406 1797 ’

110 1842 160 1881 L2
191 1846 325 1883 autern
353 1846 423 1883 aut
854 1845 886 1884 E
907 1846 976 1883 aut
994 1844 1090 1895 (om.
1106 1845 1250 1895 autem)
1272 1845 1305 1884 V
1320 1849 1453 1885 autem
1480 1847 1552 1885 aut

903 1909 935 1947 D
961 1909 1003 1949 it.

110 1972 160 2010 L²
190 1972 317 2012 facias.
620 2004 625 2007 .
854 1975 884 2013 E
909 1974 1032 2012 facias
1057 1974 1091 2011 V
1118 1974 1159 2013 it„
1190 1974 1224 2012 D
1250 1974 1370 2014 faciat

110 2036 131 2085 ξ
160 2038 227 2075 141
255 2038 306 2076 L2
337 2050 440 2086 quae
467 2039 517 2077 ad
541 2069 546 2072 .
584 2070 591 2075 ,
829 2025 831 2049 ³
852 2039 883 2077 E
909 2050 981 2086 quo
1003 2050 1042 2076 se
1063 2039 1115 2078 ad
1139 2039 1305 2087 V,quae
1324 2040 1376 2078 ad
1398 2040 1431 2077 D
1459 2040 1498 2079 it.

109 2101 159 2139 L2
189 2103 352 2141 tandem
377 2103 412 2140 is
500 2135 502 2137 ,
853 2104 884 2142 Ε
921 2103 1084 2141 tandem
1121 2104 1166 2141 vid
1203 2104 1236 2141 V
1269 2105 1430 2142 tandem
1456 2109 1549 2150 (om.

903 2167 959 2216 id)
985 2167 1017 2205 D
1042 2170 1070 2206 t.
1098 2167 1139 2205 id
1474 2219 1476 2221 ‚

110 2229 161 2267 L2
191 2231 489 2281 reprehenderet
854 2233 886 2271 E
909 2231 1205 2281 reprehenderet
1230 2232 1263 2270 V
1291 2232 1551 2281 reprehendet

902 2296 936 2334 D
961 2296 1004 2333 it.

109 2357 159 2396 L²
191 2354 417 2410 eloquentia
849 2361 1550 2410 EeloquentiaVeloquentiaepame

832 2432 835 2481 ᾗ
905 2426 938 2464 D
963 2426 1191 2474 eloquentia

109 2487 160 2526 L2
189 2490 407 2540 plurimum
439 2493 542 2529 esset
856 2491 887 2531 E
912 2491 1128 2541 plurimum
1145 2491 1239 2542 (om.
1264 2492 1372 2543 esset)
1397 2492 1429 2531 V
1447 2492 1549 2542 plur.

906 2559 1008 2596 esset
1031 2557 1066 2595 D
1092 2558 1132 2598 it.
