1771 2826
819 143 865 180 19

123 262 324 312 ecmaqna
345 263 371 312 ’9
401 262 508 312 100):
545 262 724 310 »singula
755 267 890 310 prope·
912 260 1035 299 verba
1060 259 1258 298 Ciceronis
1283 260 1324 297 in
1349 259 1417 297 his
1437 259 1549 299 codd.

124 326 196 370 aut
219 325 344 378 plan&
363 322 547 377 perversa
559 330 633 366 aut
646 322 911 365 de‘iniiustriax
922 327 1078 364 mutata
1098 325 1300 363 videntur<
1329 325 1549 373 palmarem

121 403 217 434 esse⁴
246 392 497 433 sententiam-
526 391 720 437 affirmet3
773 390 916 440 quibus
953 390 995 428 in
1031 389 1173 427 verbis
1202 389 1421 427 involutam
1466 402 1550 427 esse

122 456 441 498 omnem->suam
466 457 524 495 de
562 456 707 495 iisdem²
735 453 848 495 codd.
875 456 919 495 et'
941 455 990 494 de
1008 456 1112 493 :tota
1150 453 1253 492 illius
1291 453 1379 492 libri
1417 455 1550 493 critica

124 523 280 563 ratione
300 521 625 571 disputationem.

250 587 394 638 Quam
401 591 640 629 sententiam
666 596 758 628 curn
774 590 847 628 viri
863 590 968 627 docti
988 585 1086 627 adeo
1105 588 1373 633 adamassem,
1401 591 1454 631 ut
1480 591 1551 627 etsi

123 656 292 697 collatio
316 655 385 696 illa
411 648 685 698 Kbrin'censis
723 666 805 705 quo
837 655 1083 716 archetypus
1108 655 1337 693 mutilorum
1372 655 1548 693 omnium

123 712 424 761 accuratissime
437 721 589 759 efnctus
607 724 727 769 atque
744 724 951 769 expressus
969 716 1038 764 est,
1065 731 1089 757 a
1107 719 1371 756 Ravaissonio
1396 719 1551 767 prolata

123 788 220 833 erat,
246 785 398 825 codices
417 785 501 824 illos
532 785 830 835 ›interpolatos‹
860 785 964 824 limis
991 777 1104 835 quasi
1122 784 1244 824 oculis
1269 785 1338 822 vix
1362 784 1552 822 auderent

123 851 278 896 intueri,
303 850 515 899 Kayserus‚
541 852 586 888 ut
611 853 697 888 erat
722 851 1037 899 magnoingenii
1055 851 1249 897 acumine,
1275 851 1465 899 inspicere
1485 862 1551 887 eos

124 929 170 956 ac
204 918 448 967 pertractare
484 927 604 955 ausus
638 926 781 965 parum
815 919 921 955 recte
950 928 974 955 a
999 916 1102 955 viris·
1120 916 1194 955 illis
1221 911 1401 965 quamris
1428 915 1551 954 doctis

122 981 338 1020 iudicatum
366 993 451 1020 esse
477 982 682 1029 cognovit;
708 981 757 1019 de
783 993 862 1030 qua
888 993 930 1019 re
956 984 991 1019 et
1019 982 1064 1023 in*
1085 982 1144 1020 ed.
1171 980 1401 1019 Tauchnitz.
1430 981 1505 1018 vol.
1522 980 1548 1017 Ι.

122 1055 162 1096 p.
179 1045 264 1086 XX.
283 1046 399 1085 dixit:
429 1047 632 1096 »quamvis
653 1047 901 1096 enimvolgo
918 1043 962 1086 ut
979 1047 1203 1097 interpolati
1229 1045 1357 1096 (codd.
1376 1045 1525 1084 Abrine
1542 1074 1550 1090 ,

123 1110 236 1157 θοὰ,
253 1110 346 1159 Erl.)
364 1111 470 1149 male
486 1112 664 1158 audiant,
683 1111 904 1161 complures
922 1112 1107 1150 lectiones
1127 1112 1288 1149 minime
1305 1111 1548 1160 spernendae

121 1175 177 1214 ibi
202 1174 476 1214 inveniuntur«
514 1177 553 1214 et
592 1176 633 1214 in
666 1175 805 1214 libellis
831 1174 1052 1215 Monacens
1091 1177 1183 1226 (vol.
1211 1176 1260 1214 33
1285 1188 1323 1225 p.
1349 1176 1424 1214 439
1452 1175 1548 1223 seq.)

123 1251 170 1278 ex
194 1239 218 1279 l.
245 1239 405 1285 mutilis,
431 1241 614 1288 quamvis
640 1240 745 1278 male
771 1241 963 1286 audirent,
990 1241 1115 1279 bonos
1142 1241 1229 1289 capi
1257 1252 1372 1289 posse
1399 1240 1548 1277 fructus

121 1303 420 1343 demonstravit.
447 1302 567 1342 Cuius
582 1304 785 1354 amplexus
803 1305 1034 1344 sententiam
1052 1305 1332 1354 Stegmannius
1350 1303 1415 1342 illo
1430 1315 1545 1352 quem

119 1379 241 1417 supra
274 1367 355 1406 dixi
388 1368 520 1406 libello
553 1371 591 1407 et
624 1369 664 1407 in
699 1370 811 1410 codd.
838 1370 1068 1408 mutilorum
1096 1369 1284 1419 (Abrinc.‚
1311 1368 1423 1415 Gud.‚
1450 1368 1545 1416 Erl.)

122 1433 275 1472 naturis
301 1445 347 1473 ac
373 1433 669 1472 condicionibus
694 1435 963 1484 perquirendis
990 1435 1208 1474 elaboravit
1242 1437 1280 1474 et
1315 1435 1423 1481 illos,
1457 1445 1547 1472 cum

121 1508 241 1547 saepe
265 1499 326 1537 vel
352 1510 488 1537 veram
514 1499 722 1537 lectionem
748 1500 810 1537 vel
835 1511 951 1538 verae
976 1500 1062 1539 lect.
1083 1500 1292 1549 vestigium
1311 1501 1547 1544 servassent,

121 1562 249 1601 multo
276 1562 514 1612 diligentius,
541 1574 662 1612 quam
690 1564 741 1602 ad
766 1564 807 1602 id
832 1565 990 1614 tempus
1017 1565 1169 1604 factum
1191 1566 1303 1609 esset,
1330 1563 1371 1602 in
1387 1563 1548 1612 vulgata

122 1627 232 1668 Orat.
260 1628 459 1677 scriptura
487 1629 736 1668 emendanda
760 1628 893 1669 docuit
919 1633 1003 1669 esse
1029 1629 1286 1684 adhibendos

247 1703 319 1748 Cui
345 1704 642 1758 sententiaeffut
658 1703 882 1742 Hoernerus
912 1705 951 1754 (l.
982 1705 1004 1744 l.
1031 1717 1070 1754 p.
1101 1706 1137 1754 1)
1170 1704 1435 1743 accedendum
1462 1715 1547 1741 esse

121 1766 350 1815 arbitratur,
388 1767 446 1807 ita
480 1779 552 1817 ego
586 1780 629 1808 re
662 1765 878 1819 perquisita
903 1770 1017 1809 facile
1052 1770 1246 1809 adductus
1282 1781 1383 1816 sum,
1418 1771 1462 1807 ut
1495 1768 1547 1807 illi

119 1833 417 1872 assentiendum
452 1845 536 1872 esse
570 1836 763 1883 putarem.
815 1834 919 1872 Nam
957 1835 1114 1873 tametsi
1154 1835 1323 1883 Stegm,
1366 1834 1548 1882 quamvis

120 1895 328 1946 diligenter
352 1898 393 1936 in
418 1910 461 1937 re
485 1898 689 1948 proposita
715 1897 765 1937 sit
790 1901 988 1946 versatus,
1028 1912 1108 1938 non
1135 1899 1433 1949 suppetentibus
1460 1910 1548 1936 ma-

118 1960 225 2000 xime
264 1962 386 2012 eopiis
413 1963 465 2001 ad
491 1974 574 2001 rem
602 1962 893 2002 diiudicandam
929 1964 1180 2010 necessariis,
1211 1964 1320 2003 haud
1355 1964 1410 2002 ita
1443 1975 1547 2007 rar0,

117 2024 159 2063 id
185 2027 292 2075 quod
318 2034 439 2077 supra
465 2029 795 2076 commemoravi,
834 2041 858 2068 a
883 2041 977 2069 vero
1003 2029 1221 2076 aberravit,
1260 2031 1395 2068 tamen
1430 2029 1479 2067 de
1505 2040 1547 2067 re

118 2091 305 2135 universa
332 2095 434 2142 quae
461 2093 525 2132 ille
551 2092 739 2133 iudicavit
763 2104 857 2134 vera
884 2106 968 2134 esse
993 2085 1144 2134 certum
1170 2094 1268 2133 mihi
1292 2105 1338 2133 ac
1356 2095 1545 2132 statutum

118 2155 284 2196 videtur.
323 2156 373 2196 Et
390 2166 451 2205 ne,
478 2169 577 2207 quos
603 2158 668 2197 ille
684 2158 791 2198 locos
816 2160 1092 2209 pertractavit,·
1108 2171 1174 2199 eos
1193 2171 1303 2198 more
1320 2158 1544 2198 criticorum

118 2222 353 2269 percensens
392 2223 548 2272 longius
587 2235 611 2262 a
645 2224 849 2273 proposito
888 2225 1087 2273 egrediar,
1132 2236 1199 2262 eas
1236 2224 1485 2273 potissimum
1522 2223 1544 2260 l.

117 2287 347 2327 mutilorum
374 2289 559 2328 lectiones
585 2289 745 2339 integris
763 2289 962 2329 codicibus
980 2289 1281 2340 praeponendas
1301 2287 1544 2328 enumerabo

116 2350 168 2389 de
192 2352 327 2401 eisque
358 2354 496 2403 paucis
535 2354 727 2394 disseram
761 2355 910 2402 verbis,
948 2367 1069 2404 quae,
1105 2357 1150 2393 ut
1185 2354 1237 2393 ab
1271 2354 1338 2391 illo
1372 2364 1545 2391 comme-

117 2420 303 2456 moratae
323 2430 405 2457 non
431 2419 519 2466 sint,
545 2419 601 2459 ita
628 2432 714 2459 eam
732 2432 855 2470 quam
872 2421 1061 2471 proposui
1079 2432 1163 2460 rem
1182 2419 1303 2459 oculis
1329 2418 1544 2457 subiciant:

118 2488 218 2529 'quas
236 2484 267 2521 si
286 2496 423 2522 omnes
440 2485 669 2533 proferrem,
697 2486 790 2532 dies,
816 2487 1047 2535 priusquam
1066 2486 1310 2534 pervenirem
1337 2484 1388 2522 ad
1414 2484 1545 2526 finem,

119 2556 182 2584 me
208 2548 402 2588 deficeret.

1310 2613 1329 2645 2
1336 2611 1355 2633 *
