1711 2826
752 139 796 178 15

59 260 217 309 quaein
235 259 463 308 Erlangensi
492 260 545 306 (et
563 260 646 300 Vet.
666 260 817 309 Steph.)
844 271 925 298 non
952 269 1081 309 pauca
1108 258 1229 296 oculis
1255 262 1484 298 occurrant:

58 324 168 361 euius
193 324 249 361 rei
275 323 464 361 nonnulla
490 324 655 361 afferam
682 323 877 371 exempla.

181 399 202 449 ς
232 398 301 438 103
345 398 395 436 L¹
420 398 542 437 tradit
572 397 711 437 verba:
760 397 824 436 uel
861 399 957 436 nota
992 409 1078 436 esse
1113 400 1394 436 accusarentur
1420 398 1483 436 uel

57 478 150 515 opes
177 465 338 514 possent
362 463 502 511 legere,
529 463 579 501 E:
606 463 667 501 vel
697 462 758 500 his
782 465 877 502 nota
904 475 988 501 esse
1015 463 1082 511 qui
1110 466 1390 502 accusarentur
1417 467 1484 501 aut

56 530 344 581 defenderentur
379 528 439 568 vel
470 541 545 577 per
576 541 615 567 se
644 527 806 579 possent
831 529 972 578 legere.
1025 527 1140 575 Quae
1165 529 1311 567 menda
1338 529 1482 568 fuerint

55 598 96 635 in
122 597 206 635 cod.
235 595 470 645 archetypo,
510 588 628 634 fac'ile‘
649 587 879 644 cognoveris
907 607 954 633 ex
981 595 1055 642 eis,
1095 606 1197 644 quae
1223 594 1381 633 exhibet
1408 595 1481 643 (ed.

55 661 184 700 Turio.
204 660 268 699 alt.
289 661 321 698 si
339 660 436 699 fides
455 660 641 698 habenda
666 660 750 709 erit)
766 660 958 700 *Abrinos
986 661 1048 698 uel
1074 662 1172 698 nota
1200 671 1232 700 e.
1260 663 1484 698 accusarent

53 725 116 764 uel
142 727 300 774 possent
324 725 463 773 legere.
501 725 610 763 Haec
634 725 749 763 lectio
766 725 1004 774 interpolata
1023 726 1223 773 quomodo
1244 725 1293 763 sit
1312 725 1352 762 in
1371 725 1481 773 peius

53 792 207 829 mutata
233 790 273 828 in
299 789 427 836 Laur.,
464 791 550 838 quis
585 792 644 828 cst
679 790 774 839 quin
807 790 1035 839 intellegat?
1087 789 1165 827 Sed
1201 790 1328 827 multo
1354 789 1481 839 magis

53 857 144 892 sunt
169 854 290 893 verba
317 855 358 892 in
383 855 468 893 cod.
497 855 573 893 Erl.
601 867 625 893 a
643 856 904 904 grammatico
931 855 1061 893 nescio
1087 866 1165 903 quo
1184 855 1323 893 vitiata
1342 867 1478 893 eorum

52 929 162 957 more
197 919 444 968 aequalium,
485 921 571 969 qui,
612 932 715 969 quae
748 921 823 971 ipsi
859 919 1039 970 quamvis
1076 932 1285 970 perperam
1324 920 1479 968 excogi-

50 986 254 1032 taverunt,
300 998 347 1024 ea
385 987 514 1024 verbis
552 986 798 1025 substituunt
840 987 1006 1026 traditis.
1058 986 1165 1025 Idem
1205 985 1355 1024 factum
1395 996 1478 1023 esse

51 1049 204 1086 videtur
242 1049 264 1098 §
307 1051 397 1096 105,
435 1050 504 1087 ubi
529 1051 651 1088 tradit
683 1051 734 1088 L¹
759 1051 877 1089 haec:
923 1062 1035 1089 »cum
1071 1051 1153 1088 eius
1189 1049 1476 1088 studiosissimo

50 1110 232 1168 pomam,
266 1131 353 1175 eum
387 1123 489 1160 esset
516 1120 702 1168 Athenis,
737 1123 889 1160 totum«
919 1123 1006 1168 ete„
1032 1132 1216 1170 perverse
1243 1120 1402 1169 quidem
1429 1130 1476 1157 eo

50 1190 156 1238 quod
182 1190 372 1239 scriptum
401 1194 459 1230 est
486 1193 523 1229 et
550 1183 709 1239 pffmam
743 1195 781 1231 et
805 1195 920 1239 esset,
957 1193 1025 1231 sed
1061 1194 1212 1241 quanta
1246 1194 1304 1229 est
1341 1191 1380 1228 in
1407 1190 1476 1228 Er-

49 1253 226 1302 langensi
245 1257 283 1292 et
300 1255 512 1293 verborum
531 1258 568 1294 et
588 1258 804 1295 sententiae
830 1258 1049 1307 corruptio!
1077 1269 1101 1295 a
1128 1269 1206 1306 quo
1233 1256 1476 1305 praebentur

46 1318 188 1356 verba:
213 1330 304 1356 cum
330 1320 364 1357 ei
389 1320 671 1358 studiosissime
689 1322 875 1368 palmam,
911 1334 999 1360 cum
1028 1333 1131 1360 esses
1158 1321 1336 1366 Athenis,
1364 1321 1474 1358 attri—

46 1381 186 1429 bueres,
210 1385 339 1422 totum
369 1387 439 1424 etc.
468 1385 515 1433 (V
529 1386 573 1424 St
599 1386 762 1435 praebet
783 1387 947 1425 similia:
973 1398 1064 1425 curn
1080 1386 1165 1424 eius
1184 1384 1472 1424 studiosissimo

39 1446 225 1493 palmam,
251 1460 341 1485 cum
369 1461 450 1487 esse
466 1449 646 1496 Athenis,
672 1450 906 1496 attribueres,
931 1453 1062 1488 totum
1089 1454 1161 1489 etc.
1194 1451 1338 1496 Quid?
1367 1452 1472 1498 quod

46 1510 68 1559 ἓ
91 1511 161 1550 106
178 1512 319 1552 verba:
350 1514 562 1553 »orationis
585 1526 700 1553 aures
724 1515 860 1565 (auiris
878 1515 925 1553 L¹
938 1514 970 1554 G
989 1526 1070 1553 una
1087 1515 1191 1553 linea
1209 1515 1471 1564 redundante)

46 1577 217 1616 civitatis
244 1580 487 1628 accepimus«
518 1592 542 1618 a
567 1580 730 1619 librario
757 1581 889 1629 aliquo
915 1580 1121 1619 latinitatis
1147 1592 1229 1618 non
1253 1580 1373 1628 plane
1399 1579 1472 1617 im-

44 1642 170 1689 perito
197 1642 254 1682 ita
272 1647 516 1683 commutata
535 1645 791 1684 inveniuntur
804 1645 845 1683 in
858 1645 1036 1693 Erlang.:
1067 1645 1279 1683 »orationis
1306 1644 1472 1682 actiones

43 1717 69 1743 a
95 1707 177 1745 iure
203 1709 376 1747 civitatis
402 1713 529 1748 nostre
554 1723 706 1759 accep«
736 1711 785 1759 (V
799 1711 945 1749 Stz'or.
973 1710 1141 1747 actiones
1164 1709 1206 1747 in
1231 1709 1286 1747 eis
1302 1709 1471 1747 civitatis

42 1773 195 1809 nostrae
222 1773 330 1822 acc).
382 1773 452 1812 Illa
486 1775 643 1822 quidem
683 1774 805 1812 verba
844 1775 866 1823 ξ
895 1774 986 1811 168:
1021 1773 1135 1810 etiam
1173 1773 1333 1809 alatim's
1371 1773 1471 1810 inter

42 1845 127 1874 voc.
156 1837 343 1887 »cogniti«
373 1840 411 1877 et
441 1851 607 1888 ›genus‹
648 1839 753 1878 male
791 1838 989 1877 inculcata
1014 1838 1134 1877 etiam
1171 1849 1195 1876 a
1229 1837 1408 1887 plurimis
1445 1837 1468 1876 l.

41 1899 283 1949 integrorum
311 1903 548 1942 exhibentur
574 1905 670 1954 (non
691 1916 715 1943 a
732 1904 892 1943 codd.·L
906 1903 942 1941 A
956 1902 1017 1952 G),
1044 1904 1114 1941 sed
1131 1915 1212 1941 non
1234 1914 1364 1951 pauca
1392 1902 1469 1940 alia

40 1967 147 2013 sunt,
174 1978 277 2015 quae
303 1969 407 2017 quod
435 1969 484 2007 de
507 1969 585 2009 Erl.
612 1971 758 2008 natura
783 1980 904 2019 supra
929 1968 1012 2007 dixi·
1030 1979 1169 2006 verum
1196 1979 1281 2006 esse
1306 1968 1469 2005 demon-

40 2032 176 2078 strent,
203 2034 248 2070 ut
275 2035 313 2072 et
339 2045 408 2072 eae
435 2046 533 2083 quas
559 2035 600 2073 in
625 2047 663 2084 p.
693 2035 739 2073 13
766 2034 954 2073 adnotavi
980 2034 1167 2073 lectiones
1193 2033 1214 2083 ξ
1245 2033 1337 2072 163:
1377 2036 1467 2071 »aut

40 2097 204 2134 auratus
238 2097 332 2135 alles
365 2098 593 2137 bolcorum«
636 2110 683 2138 ac
717 2099 739 2148 §
765 2111 865 2147 seq:
908 2099 1061 2136 »oratio
1096 2099 1263 2136 intescat
1297 2100 1341 2135 ut
1377 2100 1467 2135 sunt

39 2160 235 2206 quaedam
263 2174 407 2210 genera
424 2175 460 2203 v,
475 2163 618 2212 quibus
636 2164 766 2213 ipsa«,
786 2166 825 2203 et
850 2175 952 2212 quae
978 2164 1164 2213 leguntur
1190 2163 1212 2213 ξ]
1242 2163 1332 2201 154:
1360 2162 1466 2211 quid,

37 2222 134 2261 illud
160 2225 274 2263 nollet
292 2238 368 2274 pro
394 2239 470 2266 non
496 2228 605 2266 vellet
629 2231 667 2267 et
692 2229 714 2278 g
744 2229 837 2267 155:
876 2230 998 2277 atque
1025 2229 1144 2266 etiam
1174 2228 1254 2265 alia
1279 2230 1370 2264 sunt
1389 2239 1465 2274 pro

37 2289 288 2329 contractione
315 2303 339 2329 a
365 2292 502 2340 quibus
527 2305 615 2333 sero
642 2293 771 2344 (L1G:
799 2295 917 2343 atque
935 2293 1056 2332 etiam
1084 2305 1108 2331 a
1127 2293 1263 2342 quibus
1288 2304 1388 2339 sero,
1416 2293 1464 2331 de

36 2354 122 2391 cod.
146 2354 242 2395 Abr.
267 2369 349 2395 non
373 2358 523 2406 liquet),
555 2360 594 2397 et
620 2358 745 2397 infra:
785 2359 870 2396 avis
895 2359 1002 2408 (pro:
1038 2359 1154 2404 cives,
1180 2358 1231 2396 L1
1252 2358 1364 2401 ciuis)
1392 2360 1463 2397 etc.

35 2415 173 2467 Neque
195 2422 330 2459 tamen
357 2422 522 2461 dubium
550 2426 629 2470 est,
666 2423 761 2472 quin
797 2423 961 2461 meliora
987 2423 1062 2463 Erl.
1090 2433 1170 2460 non
1197 2422 1326 2460 solum
1354 2422 1463 2459 haud

35 2482 90 2520 ita
123 2495 215 2523 raro
241 2487 373 2525 tradat
398 2500 518 2536 quam
554 2488 693 2535 Laur.,
732 2489 800 2527 sed
840 2489 958 2527 etiam
994 2500 1284 2537 nonnunquam
1324 2488 1463 2526 ceteris

34 2548 181 2587 mutilis
208 2551 489 2599 praeferenda;
516 2553 622 2602 quod
648 2554 785 2602 paucis
811 2553 1093 2591 demonstrabo
1122 2553 1329 2601 exemplis:
