1771 2826
846 131 869 168 6

143 260 249 287 nunc
283 249 420 298 incipit
447 260 472 287 a
498 249 629 287 verbis
664 249 686 299 ξ
716 250 807 288 10οε
850 250 1063 289 »subtiliter
1098 251 1137 289 et
1173 250 1277 288 alta‹
1315 249 1380 299 (cf.
1407 250 1575 298 Horner,

142 313 280 364 Progr.
308 314 345 355 d.
374 314 486 355 Stud.
513 313 795 354 Zweibrficken
820 315 928 363 1878,
953 327 990 364 p.
1018 315 1070 365 5).
1108 315 1341 365 Subscripta
1367 319 1460 355 sunt
1484 316 1577 355 huic

143 379 286 428 fragm.
331 379 383 417 ab
430 380 554 418 altera
599 391 653 419 m.
696 380 837 418 verba:
893 380 1035 418 »Liber
1086 380 1253 419 Cosmae
1299 380 1490 418 Johannis
1528 381 1578 418 de

142 443 345 484 Medicis«.

137 556 142 559 χ
267 508 440 557 Roganti
459 509 556 546 mihi
575 507 710 547 Maas
722 510 847 556 sius,
870 521 988 558 quem
1007 510 1137 548 virum
1159 509 1432 548 doctissimum
1450 521 1574 559 supra

143 573 235 616 dixi.
255 584 414 613 summa
425 572 629 622 diligentia
647 576 687 613 et
704 573 821 613 huius
835 574 978 613 codicis
992 574 1120 613 mutili
1137 570 1292 613 initiur‘n
1306 574 1368 624 (ἐξ
1380 573 1573 624 91-101)

142 639 307 677 contulit
326 639 523 686 integrum
551 641 588 676 et
615 639 820 687 exscripsit
846 640 1057 677 nonnullos
1083 650 1182 687 quos
1209 641 1441 677 notaveram
1467 640 1575 677 locos

145 704 184 741 et
207 714 255 741 ex
281 702 357 740 hoc
376 701 508 740 codice
527 704 565 740 et
584 713 632 740 ex
656 702 756 741 libro
778 702 845 741 illo
867 703 919 741 ab
942 703 1118 741 Antonio
1137 702 1254 742 Curlo
1282 715 1317 743 a.
1347 703 1443 741 1423
1465 706 1575 742 tran-

145 769 311 815 scripto:
350 777 471 814 quam
498 766 752 804 collationem
778 767 961 815 quamvis
997 779 1182 805 mancam
1218 768 1444 805 addendam
1478 768 1576 806 mihi

146 844 229 870 esse
268 831 389 870 statui
424 830 516 869 huic
558 831 898 871 commentariolo.
951 831 1072 878 Idem,
1112 831 1263 870 collatis
1307 832 1576 882 compluribus

143 900 364 935 ceterorum
394 907 494 944 quos
520 907 642 944 supra
677 897 986 934 commemoravi
1013 897 1192 935 codicum
1220 897 1463 943 lectionibus,
1491 909 1577 936 esse

145 962 230 1000 illos
259 973 307 999 ex
333 960 530 999 Laudensi
558 961 610 998 ad
636 972 761 999 unum
789 972 926 999 omnes
951 962 1212 1011 transcriptos
1239 962 1499 1003 confirmavit.

270 1027 349 1066 Sed
374 1026 472 1064 haec
497 1026 711 1064 hactenus:
751 1027 959 1065 redeamus
1000 1028 1051 1065 ad
1090 1028 1200 1065 illum
1241 1028 1428 1074 codicem,
1469 1028 1577 1066 unde

144 1093 271 1131 exorsi
294 1104 431 1130 sumus
453 1093 688 1131 orationem.
740 1091 867 1138 Quem
886 1103 979 1130 cum
999 1092 1167 1131 Orellius
1189 1092 1363 1141 primum
1384 1093 1489 1132 dicat
1508 1092 1576 1142 qui

144 1147 371 1197 conferatur
386 1157 549 1205 dignum
565 1169 660 1203 esse,
682 1169 702 1196 e
718 1169 796 1206 quo
816 1158 899 1196 solo
916 1158 1080 1196 certiore
1094 1158 1247 1197 ratione
1260 1159 1385 1207 possit
1402 1158 1577 1197 iudicare

143 1235 311 1271 sequens
338 1227 448 1262 aetas
467 1224 516 1262 de
534 1224 884 1272 interpolationum
904 1235 1046 1271 genere
1071 1225 1168 1269 toto,
1194 1224 1353 1261 tametsi
1371 1223 1527 1261 interim
1554 1235 1576 1261 e

144 1289 277 1328 codice
315 1288 569 1335 Abrincensi,
608 1288 656 1327 de
696 1299 774 1337 quo
815 1288 917 1326 infra
953 1291 1111 1336 agetur,
1147 1291 1354 1337 excerptae
1389 1288 1576 1326 lectiones

145 1354 325 1402 prolatae
342 1354 383 1391 in
402 1354 577 1391 medium
592 1355 696 1399 sunt,
723 1355 859 1391 tamen
873 1353 956 1390 eius
972 1353 1157 1391 lectiones
1170 1353 1312 1398 varias,
1340 1353 1575 1401 praesertim

145 1430 234 1457 cum
264 1421 300 1456 et
326 1417 563 1456 Halmius
591 1420 630 1455 et
656 1416 687 1457 J.
716 1417 982 1464 Miillerus,
1009 1417 1081 1456 viri
1108 1417 1324 1456 latinarum
1351 1417 1576 1456 litterarum

145 1483 371 1532 peritissimi
411 1485 450 1521 et
489 1494 587 1530 quos
626 1494 783 1521 summa
831 1494 1050 1531 prosequor
1088 1482 1360 1528 veneratione,
1403 1494 1453 1520 ne
1491 1493 1575 1520 rem

146 1549 379 1595 omitterem,
407 1547 680 1595 admonerent,
704 1547 966 1596 divulgandas
980 1546 1078 1585 mihi
1093 1558 1177 1586 esse
1190 1546 1422 1586 existimavi.
1439 1536 1443 1543 ¹
1459 1545 1575 1593 Quod

147 1614 305 1663 quidem
343 1625 489 1651 munus
528 1613 603 1651 nisi
641 1614 771 1651 denuo
807 1613 979 1651 excussis
1018 1613 1162 1650 codicis
1197 1611 1431 1650 lectionibus
1466 1613 1575 1651 nullo

145 1682 262 1729 pacto
288 1679 421 1727 perfici
447 1690 564 1727 posse
598 1689 644 1717 ac
679 1677 851 1727 persolvi
886 1679 994 1716 certa
1029 1676 1126 1715 mihi
1159 1680 1313 1716 exstare
1342 1676 1576 1716 videbantur

145 1745 301 1783 indicia.

270 1808 314 1845 In
341 1818 421 1855 qua
447 1818 489 1844 re
515 1817 605 1844 cum
635 1806 803 1845 facultas
832 1807 1064 1845 ‚accuratius
1098 1807 1139 1844 in
1174 1806 1280 1845 hunc
1314 1806 1487 1844 codicem
1515 1806 1575 1845 in-

145 1872 325 1923 quirendi
343 1872 453 1917 nulla
472 1883 555 1910 esse
573 1872 783 1918 videretur,
811 1872 974 1910 sollicito
998 1872 1095 1910 mihi
1121 1871 1273 1920 obtigit,
1300 1874 1344 1910 ut
1361 1871 1575 1911 Vitellius

145 1937 407 1983 Florentinus,
441 1936 503 1974 cui
538 1936 624 1974 viro
659 1938 696 1974 et
723 1936 948 1975 doctissimo
986 1939 1024 1974 et
1059 1936 1343 1984 benignissimo
1378 1936 1575 1975 maximas

144 2003 268 2042 debeo
296 2013 530 2051 semperque
566 2001 715 2040 debebo
752 2002 912 2051 gratias,
950 2013 1071 2051 grave
1108 2013 1253 2040 munus
1288 2013 1335 2040 ac
1361 2001 1574 2040 molestum

144 2069 331 2107 lectiones
358 2066 503 2106 codicis
528 2067 702 2115 integras
730 2066 919 2106 exarandi
946 2078 1105 2104 summa
1122 2066 1337 2115 susciperet
1363 2065 1573 2104 facilitate:

145 2134 251 2182 quod
285 2133 394 2171 haud
433 2143 581 2181 magno
620 2132 811 2181 temporis
849 2132 979 2181 spatio
1019 2132 1220 2171 interiecto
1259 2131 1362 2169 mira
1399 2131 1573 2180 quadam

144 2198 349 2247 diligentia
382 2198 555 2247 perfecit.
616 2197 679 2235 Sic
714 2197 864 2236 factum
900 2200 969 2244 est,
1005 2200 1050 2235 ut
1084 2198 1239 2244 codicis,
1276 2197 1386 2236 cuius
1422 2197 1575 2246 generis

146 2265 254 2302 illum
282 2263 465 2301 novimus
492 2274 627 2308 unum,
654 2262 747 2300 viris
773 2262 899 2301 doctis
925 2262 1163 2311 praebeatur
1188 2274 1296 2302 usus,

270 2337 555 2387 Complectitur‘
587 2340 721 2376 autem
757 2338 881 2376 codex
915 2338 988 2376 has
1014 2341 1146 2387 partes
1180 2338 1241 2385 (cf.
1279 2338 1404 2377 Band.
1430 2338 1454 2378 l.
1482 2338 1506 2377 l.
1533 2350 1573 2387 p.

142 2405 214 2443 481
244 2403 391 2452 seqq.):

182 2475 210 2514 Ι.
251 2474 331 2521 (fol.
361 2474 377 2511 1
405 2473 529 2522 seqq.)
555 2473 604 2513 M.
634 2473 751 2512 Tullii
779 2473 975 2512 Ciceronis
1002 2474 1237 2513 Rhetoricae
1260 2475 1311 2513 ad
1331 2474 1573 2513 Herennium

252 2541 358 2579 Libri
386 2538 447 2577 IV.
