1771 2826
918 141 969 178 40

236 258 258 307 ἓ
283 259 332 296 47
373 257 489 306 aptis,
503 269 590 306 gen.
606 257 726 307 dicet]
746 258 849 306 aptis
863 258 1096 306 generatim,
1114 259 1236 297 discet
1250 279 1296 287 —-
1316 260 1470 309 seliget]
1498 261 1654 309 seleget.

236 323 258 372 g
284 322 335 361 48
374 322 420 361 iis
446 321 594 371 praes]
622 321 683 360 his
707 333 835 371 praes.
868 344 908 350 —
937 322 1028 373 fec]
1056 323 1283 364 faecundae.

237 387 334 435 §49
371 386 482 424 suis?
517 386 598 424 Aut
638 398 689 426 m.
717 387 837 437 dura]
881 387 990 426 suis?
1029 389 1073 426 ut
1108 400 1160 428 m.
1197 389 1325 427 dura?
1361 411 1409 417 —
1446 389 1653 439 obstabit]

374 452 580 490 obstabit?

236 532 257 580 ξ
285 532 335 570 50
651 532 735 582 [fol.
762 533 829 570 98v
857 554 900 559 —
930 532 1028 570 uerit
1054 544 1131 580 qua>
1156 532 1259 581 diliy.
1287 533 1383 582 cet.]·

372 607 462 656 etsi]
491 609 529 645 et
555 607 587 644 si
615 607 686 656 (sic
713 608 812 645 solet
839 619 911 647 scr.
939 607 1047 653 libr.)

234 671 256 720 ς
282 672 327 709 51
371 671 547 721 Clitom]
576 671 895 711 Clithomachum
927 695 968 700 -
997 671 1145 721 causis]
1173 672 1284 710 casis.

235 736 255 784 g
283 737 330 774 52
370 736 466 786 litt]
494 737 615 775 literis
644 759 692 764 —
719 737 878 787 sciscit]
916 737 1047 775 scitari
1077 759 1120 764 —
1150 737 1224 776 hoc
1251 737 1366 787 mihi]
1404 738 1444 776 id
1475 739 1571 777 mihi
1607 761 1652 767 ——

371 803 471 841 Rem
499 803 574 841 diff
573 833 728 843 .....
757 803 1070 853 difficillimamz]
1098 816 1181 842 rem
1200 804 1281 842 diff.
1307 803 1377 853 (dii
1396 804 1652 850 immortales)

369 880 404 907 a.
432 880 467 907 o.
496 868 784 906 difficillimam.
821 891 852 894 -·
888 871 1007 917 atque
1034 869 1107 918 ita]
1136 871 1173 906 et
1200 870 1265 908 ita.

234 932 254 980 ἓ
282 932 330 968 53
370 933 508 982 interp.
536 933 694 983 interv]
723 934 984 983 interpuncta,
1004 935 1212 973 interualla
1240 957 1285 963 —
1313 935 1352 973 in
1371 933 1465 983 len.]
1492 934 1653 972 lenitate

375 1019 418 1025 —
446 998 600 1047 paullo]
628 999 748 1047 paulo
774 999 858 1047 (sic,
884 1001 929 1037 ut
955 1000 1046 1045 vid,
1072 1001 1256 1049 semper).

233 1061 254 1109 ς
280 1062 330 1099 54
368 1062 498 1112 coepi]
537 1063 647 1111 caepi
679 1085 718 1090 —
751 1066 808 1101 est
838 1084 881 1090 —
910 1063 980 1101 tibi
1009 1093 1018 1102 .
1046 1097 1054 1105 .
1084 1097 1090 1104 .
1119 1094 1128 1102 .
1163 1065 1246 1105 coll.
1276 1066 1341 1115 —]
1377 1067 1433 1103 est
1472 1064 1543 1102 tibi
1579 1065 1651 1103 cet.

370 1127 470 1176 (sine
496 1128 625 1177 signif.
653 1129 852 1179 parenth.)
884 1152 926 1157 —-

593 1207 678 1256 [fol.
704 1208 768 1245 99Γ
793 1208 947 1248 artium.
977 1208 1168 1256 Quomodo
1195 1208 1286 1258 cet]

232 1282 328 1330 §55
368 1282 508 1332 iamd.]
548 1282 767 1321 iandudum
803 1306 853 1312 —
887 1284 983 1333 ute]
1020 1287 1061 1322 ut
1103 1296 1257 1332 cunque
1293 1306 1341 1312 -
1377 1284 1500 1333 volet]
1540 1284 1651 1321 uolat

371 1347 493 1394 (uoiet
507 1349 539 1395 1³)

233 1412 254 1460 ξ
281 1412 330 1449 56
370 1412 574 1462 contenta]
602 1413 807 1457 contet-ita.

233 1477 253 1523 ξ
280 1477 328 1513 57
367 1476 497 1525 [dicit]
526 1477 596 1525 pl.]
626 1477 726 1515 Dicit
752 1478 878 1525 plura.

233 1540 253 1588 ξ
280 1541 330 1578 59
368 1540 528 1578 bonitas
555 1540 611 1590 q.]
653 1541 812 1589 quidem
851 1541 943 1580 bon.
971 1563 1016 1568 —
1045 1542 1123 1585 est;
1159 1552 1239 1579 non
1267 1553 1297 1578 e.
1325 1552 1356 1579 e.
1387 1541 1409 1579 i.
1438 1539 1570 1589 nobis]
1599 1541 1656 1578 est

371 1606 467 1650 (non
494 1608 552 1643 est
579 1617 611 1644 e.
640 1606 663 1642 i.
691 1606 819 1651 nobis)
858 1628 903 1632 —
932 1606 1088 1654 omnes]
1125 1606 1253 1642 omnis
1284 1627 1326 1632 ——
1357 1617 1412 1652 gr.
1452 1603 1653 1652 idemque]

369 1670 529 1716 gradus,
558 1669 746 1717 Idemque
774 1691 820 1696 --

645 1748 729 1797 [fol.
757 1749 824 1786 99v
850 1751 885 1786 et
910 1748 1019 1786 uirili
1045 1749 1109 1788 lat.
1137 1748 1229 1797 cet]

230 1824 251 1873 ἓ
280 1824 329 1861 60
370 1823 548 1872 plurim]
576 1823 788 1872 plurimum
826 1824 911 1872 (litt.
939 1836 1004 1861 um
1039 1824 1077 1861 in
1113 1835 1190 1862 ras.
1226 1825 1415 1872 quattuor
1454 1822 1526 1861 litt.
1566 1833 1650 1870 pos.

369 1891 475 1936 sunt)
503 1910 552 1916 —
579 1888 735 1939 afferet]
764 1889 877 1927 affert
907 1911 948 1916 —
978 1891 1224 1927 venustatem
1236 1888 1264 1938 !]
1292 1889 1555 1926 uenustatem.

231 1955 252 2002 ξ
281 1956 325 1991 61
371 1956 482 1991 actor
509 1953 626 2002 haec]
655 1956 776 1999 actor,
803 1954 901 1991 haec
921 1975 966 1980 —-
985 1952 1139 2002 ῥήτωρ]
1167 1953 1301 1990 rhetor
1329 1973 1374 1978 —
1402 1951 1527 2000 vind]
1554 1963 1651 1988 uen-

369 2018 474 2056 dicat
502 2040 548 2045 —
576 2018 615 2055 id
642 2017 718 2067 est]
748 2018 857 2056 idest.

230 2084 251 2133 g
279 2084 327 2120 (32
365 2085 457 2121 sunt
477 2104 522 2110 —-
543 2082 756 2132 siquidem]
776 2085 868 2121 sunt
886 2082 917 2120 si
938 2082 1094 2131 quidem
1124 2082 1233 2130 (item
1253 2081 1356 2119 infra
1375 2080 1489 2118 Plato
1509 2080 1650 2128 tamen)

370 2171 416 2176 -
444 2160 499 2187 or.
527 2147 673 2197 neque]
701 2148 968 2195 orationeque.

232 2214 253 2262 ἓ
281 2214 330 2251 64
368 2214 406 2251 et
432 2212 581 2262 umbr.]
610 2214 647 2251 et
674 2214 692 2252 ts
718 2212 806 2262 (litt.
842 2211 975 2250 nescio
1011 2223 1090 2260 qua
1124 2222 1238 2250 erasa
1265 2218 1312 2253 e.)
1349 2210 1574 2250 umbratilis
1601 2231 1648 2238 —

367 2277 518 2326 vincta]
539 2278 672 2315 iuncta
692 2298 736 2305 -
756 2276 960 2326 miserab]
983 2276 1164 2314 mirabile
1181 2299 1236 2308 «—
1265 2275 1447 2324 dignata]
1476 2276 1645 2323 signata.

228 2342 249 2391 ,ξ
277 2343 325 2380 65
364 2342 504 2388 causis,
532 2341 654 2391 pers]
682 2342 811 2379 causis
838 2340 1021 2390 persequi
1048 2362 1096 2368 —
1123 2340 1169 2378 iis
1203 2340 1335 2389 prop]
1372 2340 1432 2377 his
1460 2350 1570 2388 prop.
1600 2360 1645 2366 —

567 2412 651 2461 [fol.
682 2413 769 2450 100r
796 2433 842 2439 —
870 2412 1028 2459 quirunt
1052 2423 1167 2458 quam«
1193 2410 1285 2459 cet.]

366 2477 502 2526 altius]
532 2477 718 2526 apertius.

227 2544 248 2593 ξ
273 2543 322 2580 66
362 2542 582 2591 contiones]
608 2541 817 2580 conciones
844 2564 886 2569 —
916 2552 1053 2579 versu:
1080 2540 1203 2589 nunc]
1231 2551 1349 2577 uersu
1375 2549 1492 2578 nunc.
