1771 2826
906 146 954 184 36

211 266 333 314 Atqui
360 278 450 304 eum
478 266 635 310 librum,
662 277 778 313 quem
805 268 961 304 secutus
985 265 1169 303 librarius
1187 265 1349 313 quidam
1368 265 1635 314 antiquiorem

212 330 355 369 codicis
381 332 535 379 partem
562 329 740 376 correxit,
767 330 904 369 ceteris
931 329 1168 369 auctoritate
1194 341 1275 369 non
1292 331 1499 379 praestare
1515 341 1637 379 supra

213 395 495 435 demonstravi.
548 395 650 443 Ergo
688 406 817 443 neque
855 407 902 433 ex
941 396 1076 433 eodem
1118 395 1332 443 exemplari
1369 395 1480 433 illam
1516 396 1639 444 atque

213 462 315 500 hanc
341 461 485 500 codicis
502 464 655 511 partem
675 462 954 511 transcriptam
976 473 1060 500 esse
1078 462 1258 510 apparet,
1282 471 1410 510 neque
1428 460 1479 499 ab
1497 460 1636 500 eodem

213 528 373 566 librario
417 530 627 576 utramque
672 530 827 575 partem
871 530 1076 565 exaratam
1124 539 1208 565 esse
1251 527 1523 565 arbitrandum
1567 528 1637 564 est.

212 593 275 631 Ab
302 604 347 630 eo
375 595 521 637 autem,
558 592 623 640 qui
649 592 725 630 hac
751 591 881 640 priore
906 591 1149 639 transcripta
1187 593 1301 639 parte
1334 590 1508 629 codicem
1543 601 1637 639 sup-

213 657 347 706 plevit‚
365 656 622 705 posteriorem
638 658 790 704 partem
806 666 891 702 esse
909 654 1148 693 correctione
1164 655 1268 692 facta
1280 656 1476 702 repertam
1496 666 1638 703 quam-

213 731 334 770 quam
360 720 570 758 verisimile
595 722 666 765 est,
699 722 834 757 tamen
867 730 940 767 pro
966 721 1073 757 certo
1100 730 1180 757 non
1207 718 1500 758 affirmaverim.
1559 719 1635 766 Qui

214 796 336 835 quare
361 783 593 822 mutilatum
621 783 763 821 librum
790 783 963 832 priorem
991 783 1289 822 transcribendo
1307 784 1636 833 praestantissimi

211 849 427 888 Laudensis
460 848 626 896 exempli
661 850 816 897 partem
852 848 1035 887 maluerit
1072 848 1253 897 supplere
1289 860 1409 897 quam
1436 850 1635 899 integrum

213 915 306 953 illud
333 914 591 953 transcribere
618 913 840 962 exemplar,
875 913 962 962 quis
998 915 1057 952 est
1083 914 1150 962 qui
1177 915 1411 963 inquirendo
1438 916 1636 965 reperiat?

212 981 289 1029 Qui
315 981 438 1019 codex
465 980 666 1029 archetypi
693 980 912 1018 simillimus
930 991 1020 1018 cum
1038 981 1121 1019 fieri
1138 981 1262 1029 possit
1280 984 1324 1020 ut
1340 982 1381 1019 in
1398 980 1636 1020 bibliotheca

212 1047 347 1095 aliqua
372 1046 493 1083 lateat
519 1045 688 1090 abditus,
715 1045 867 1083 codices
894 1044 1084 1092 Oratoris,
1112 1056 1210 1094 quos
1233 1047 1390 1094 praeter
1412 1046 1530 1084 notos
1554 1056 1636 1084 non

212 1113 252 1150 in
278 1110 545 1149 Laurentiana
571 1110 709 1156 solum,
736 1110 776 1148 id
803 1111 908 1159 quod
934 1122 971 1159 p.
998 1111 1024 1148 4
1048 1110 1176 1157 docui,
1203 1111 1271 1149 sed
1297 1110 1338 1148 in
1365 1110 1450 1148 aliis
1477 1121 1635 1159 quoque

212 1176 353 1213 Italicis
394 1175 573 1223 inprimis
612 1174 857 1213 bibliothecis
897 1175 1045 1212 multos
1083 1178 1235 1213 exstare
1272 1174 1525 1213 statuendum
1565 1176 1634 1220 est,

212 1242 258 1287 ei,
285 1239 428 1288 quibus
454 1238 493 1277 id
520 1238 648 1277 facere
681 1250 755 1287 par
789 1241 859 1285 est,
895 1239 927 1277 si
954 1239 1241 1278 ,scrutabuntur
1275 1242 1395 1288 atque
1428 1239 1636 1285 excutient,

212 1315 356 1354 operae
381 1303 526 1342 facient
550 1303 731 1352 pretium.
783 1303 861 1342 Sed
887 1315 978 1342 cum
1005 1304 1076 1342 etsi
1105 1315 1186 1342 non
1219 1304 1348 1352 ipsum
1374 1303 1633 1351 Laudensem‚

211 1373 346 1408 tamen
380 1368 462 1406 sive
496 1368 694 1416 integrum
729 1368 824 1406 illud
859 1369 970 1407 cuius
1002 1380 1096 1417 pars
1130 1371 1257 1407 exstat
1293 1369 1516 1417 exemplum
1551 1369 1634 1407 sive

212 1434 318 1472 aliud
361 1432 563 1482 quoddam
605 1444 686 1471 non
724 1433 856 1471 minus
893 1433 1093 1482 egregium
1130 1433 1290 1482 reperiri
1328 1433 1507 1482 cupiam,
1549 1435 1635 1472 tum

211 1510 316 1537 nunc
351 1498 511 1547 quidem
547 1499 584 1535 et
618 1497 871 1546 integram
912 1497 1147 1536 Oratoris
1181 1497 1376 1536 codicis
1409 1498 1636 1536 Lauren-

211 1563 347 1602 tiani
382 1562 738 1609 collationem,
774 1574 876 1611 quae
901 1562 1041 1601 Vitellii
1075 1562 1263 1602 beneficio
1290 1562 1330 1601 in
1356 1573 1499 1601 manus
1525 1574 1634 1601 meas

211 1629 327 1674 vonit,
362 1630 400 1666 et
438 1640 505 1666 eas
544 1628 797 1666 lectiones
836 1628 1016 1677 quamvis
1051 1639 1211 1677 paucas,
1246 1638 1344 1676 quas
1379 1639 1427 1665 ex
1460 1627 1636 1665 eiusdem

211 1694 332 1743 plutei
375 1694 514 1732 codd.
555 1693 785 1732 numeris
830 1693 885 1732 33
924 1695 971 1732 et
1014 1693 1066 1731 18
1109 1693 1400 1741 designatis
1442 1691 1637 1730 Maassius

211 1759 416 1807 excerpsit,
443 1758 623 1804 utendas,
650 1758 682 1795 si
707 1758 845 1807 placet,
870 1758 963 1796 viris
990 1758 1113 1796 doctis
1136 1758 1305 1796 tradam.
