1771 2826
792 177 840 216 23

100 308 171 341 cur
196 298 296 339 nolis
307 300 336 337 ‘s’-
379 297 496 344 Quae
516 296 652 344 verba,
675 297 754 336 nisi
780 295 886 346 quod
913 293 1068 333 dicendo
1090 296 1154 332 est
1178 294 1220 332 in
1240 293 1290 332 L¹
1314 293 1395 332 ΑΕ
1414 292 1528 341 (Gud.

100 363 356 414 nomi-etsi
380 362 511 412 possis
542 361 661 409 ixa-«n,
678 363 785 401 recte
801 373 841 400 a
860 360 1028 407 mutilis,
1050 370 1249 409 ‘perverse
1283 358 1335 398 ab
1368 358 1531 408 integris

100 429 211 469 libris
248 429 346 466 sunt
369 426 548 465 ¹traditan
597 425 782 465 Nam-hi
819 435 958 467 omnes
994 424 1182 463 exhibent
1216 434 1350 472 posses
1387 423 1530 470 melius,

101 498 142 536 in
166 495 278 535 Eius»
296 494 418 533 etiam
445 492 569 532 nescio
602 493 795 542 repetitur
822 493 925 530 anter
939 503 1010 530 cur
1033 490 1151 537 nobis,
1185 490 1227 528 in
1250 489 1326 528 Vit.
1361 489 1531 537 denique

101 559 222 598 nescio
249 569 317 597 eur
342 568 426 595 cwm
451 557 614 606 legitur,
649 564 751 606 quae
784 557 901 596 lectio
927 556 1106 605 speciosa
1131 556 1235 594 mira
1258 554 1436 604 quadam
1459 565 1532 591 vo-

101 625 254 674 luptate
280 634 304 661 a
330 621 422 660 viris
447 621 757 671 doetisnarwepta
782 624 852 662 est.
906 621 984 660 Sed
1006 621 1206 660 coniunct.
1234 632 1319 658 cum
1336 619 1532 658 inculcata

102 699 194 727 cum
220 686 338 724 series
362 685 877 734 gemndiorumwoundo,
911 685 1140 723 cohortando
1166 687 1238 723 etc.
1273 684 1377 722 male
1411 683 1533 721 inter-

103 753 324 800 rumpatur,
352 749 558 788 sententia·
574 750 692 798 plane
713 750 983 799 perturbatur.
1030 749 1135 788 Nam
1160 759 1291 797 neque
1312 748 1535 786 coniuncti-

105 817 198 855 onis·
214 815 249 852 si
275 815 362 852 loco
387 825 471 852 cum
497 816 630 862 potest
654 814 903 863 ponineque
927 813 1058 856 verbis
1075 812 1237 851 docendo
1262 812 1377 850 etiam
1402 812 1451 851 al.
1480 812 1531 852 al.

104 892 223 921 causa
262 879 318 918 eis
356 890 459 928 quae
497 879 736 918 antecedunt
776 879 956 929 supponi.
1010 877 1126 925 Quod
1165 889 1259 916 vero
1298 877 1532 927 Madvigius,

103 947 162 984 vir
188 945 334 984 summi
368 944 525 993 ingenii,
550 944 604 982 in
636 944 738 991 libri,
777 945 842 993 qui
879 945 1109 983 adversaria
1120 944 1269 982 :critica
1293 943 1532 989 inscribitur,

103 1023 139 1061 p.
171 1011 243 1049 190
276 1009 368 1048 dicit
402 1009 567 1048 docendi
601 1020 852 1049 communem
886 1010 1088 1049 notionem
1128 1021 1310 1059 perverse
1343 1008 1420 1047 hoc
1444 1008 1531 1046 loco

103 1075 313 1124 interponi,
349 1074 417 1112 uhi
445 1076 723 1113 enumerentur
748 1074 900 1120 formae
926 1075 1093 1113 docendi
1117 1086 1143 1112 a
1167 1074 1250 1112 ludi
1275 1073 1534 1111 similitudine

104 1141 268 1186 alienae,
282 1152 365 1178 rem
375 1151 459 1178 non
474 1141 719 1189 perspexisse
727 1140 901 1186 videtum
918 1151 1014 1178 nam
1028 1139 1089 1178 vis
1100 1139 1320 1177 sententiae
1332 1138 1463 1187 posita
1474 1139 1534 1176 est

103 1207 143 1244 in
170 1205 299 1243 verbis
316 1204 488 1242 meliores
502 1204 648 1253 facere,
673 1205 778 1254 quod
797 1205 928 1254 ipsum
947 1205 1024 1244 Cic.
1045 1217 1069 1243 a
1086 1204 1312 1242 rhetoribus
1339 1204 1394 1251 (in
1420 1203 1532 1252 ludo)

102 1270 186 1308 fieri
203 1272 335 1318 negat,
362 1269 539 1307 virorum
557 1269 696 1307 litteris
713 1269 955 1308 eruditorum
972 1268 1255 1307 consuetudine
1270 1269 1532 1313 monentium,

102 1334 336 1381 eohortant„
375 1345 491 1383 perc„
528 1345 685 1381 comm,
724 1345 805 1372 una
838 1333 995 1383 legent,
1033 1333 1227 1381 audient,
1265 1332 1375 1371 haud
1413 1332 1533 1371 dubie

103 1402 165 1447 (=
182 1400 312 1438 nescio
331 1411 401 1438 cur
417 1402 515 1447 non)
541 1399 771 1438 docentium>
783 1399 904 1437 etiam
921 1398 1532 1448 perfici*contendit.-Pideritius,

104 1464 163 1502 vir
187 1464 237 1502 de
262 1463 417 1512 scriptis
443 1463 636 1512 Tullianis
669 1463 874 1502 ‚rhetoricis
910 1464 1058 1513 optime
1092 1465 1275 1510 meritus,
1311 1475 1402 1502 eum
1437 1475 1533 1502 vera

103 1529 327 1578 suspicatus
353 1529 416 1575 sit,
442 1529 589 1567 mirum
616 1531 674 1567 est
700 1529 806 1577 quod
831 1540 912 1567 non
939 1540 999 1575 ea,
1030 1532 1253 1578 quaesunt
1279 1529 1319 1567 in
1346 1528 1533 1567 omnibus

103 1593 127 1631 l.
161 1594 312 1632 mutilis
350 1596 529 1641 servata,
569 1594 643 1632 sibi
680 1593 903 1632 vindicavit.
955 1593 1133 1642 Itemque
1164 1594 1194 1644 fi
1224 1594 1295 1632 146
1336 1597 1533 1632 corrector

102 1659 325 1707 exemplum
354 1670 469 1697 suum
496 1662 652 1697 secutus
678 1670 760 1697 una
785 1669 874 1697 cum
901 1659 1040 1697 ceteris
1066 1659 1228 1708 integris
1251 1671 1379 1708 paene
1395 1671 1532 1697 veram

102 1724 140 1760 et
165 1724 290 1762 nostri
317 1727 356 1763 et
381 1727 600 1763 ceterorum
627 1724 737 1762 codd.
766 1724 997 1762 mutilorum
1026 1724 1234 1763 lectionem
1260 1725 1531 1764 commutavit.

101 1787 145 1826 In
179 1789 313 1827 codice
347 1789 563 1837 archetypo
599 1789 703 1828 enim
738 1789 834 1838 quin
859 1789 996 1828 fuerit:
1032 1801 1090 1827 me
1116 1789 1292 1828 didicisse
1317 1789 1419 1837 quod
1437 1802 1533 1837 pro-

101 1851 238 1899 barem,
264 1855 646 1903 quisdubitaverit?
698 1855 933 1894 Nam=unde
958 1855 1142 1894 lectiones
1169 1857 1286 1895 Laur.
1305 1859 1317 1880 ¹
1340 1869 1399 1894 me
1424 1856 1532 1895 dicis.

101 1916 176 1956 Sed
199 1919 317 1967 quod,
335 1958 337 1960 ,
352 1920 451 1962 Gud,
479 1933 536 1958 me
561 1920 656 1959 dicis
680 1920 746 1958 sed
771 1920 882 1968 quid,
917 1920 1011 1961 Abr.
1040 1921 1194 1960 medicis
1218 1921 1285 1960 sed
1310 1922 1419 1970 quid,
1455 1922 1531 1962 Erl.

100 1994 159 2022 me
195 1984 370 2024 didicisse
407 1986 473 2024 sed
511 1986 578 2034 qm·
615 1985 738 2036 (olent
772 1987 885 2035 quasi
902 1987 1041 2025 -verba
1075 1999 1240 2026 manum
1257 1990 1496 2028 correctoris
1506 1989 1533 2039 !)

99 2052 210 2088 ortae
236 2051 325 2099 sint,
352 2052 439 2100 quis
467 2055 525 2090 est
550 2063 666 2101 quem
694 2052 848 2101 fugiat?
886 2052 1104 2091 vLibrorum
1130 2054 1271 2103 integr.
1298 2054 1532 2093 lectionibus

99 2114 173 2152 viri
199 2116 304 2153 docti
331 2128 425 2154 cum
448 2120 677 2155 tenerentur
703 2118 916 2164 constricti,
951 2121 1020 2156 aut
1046 2119 1281 2167 explicanda
1305 2132 1389 2157 esse
1415 2123 1532 2167 puta·

99 2176 198 2217 bant
233 2192 280 2218 ea
316 2192 420 2229 quae
454 2181 508 2219 illi
548 2180 734 2220 exhibent
772 2182 954 2230 quamvis
991 2194 1198 2231 perversa:
1235 2195 1293 2221 me
1326 2183 1532 2221 didicisse?

100 2242 200 2289 Quid
224 2249 309 2282 erat
334 2258 402 2284 cur
420 2247 637 2294 probarem,
667 2250 712 2285 ut
737 2247 929 2297 Meyerus,
965 2246 1136 2287 Orellius
1169 2248 1227 2297 (in
1254 2249 1345 2287 edit.
1372 2248 1466 2286 Tur.
1493 2260 1530 2287 a.

102 2307 225 2358 1830),
265 2310 463 2360 Kayser-us
496 2311 560 2360 ‚(cf.
589 2312 806 2361 annalium,
827 2324 918 2355 nov.
946 2312 1048 2362 Lips.
1079 2313 1156 2353 vol.
1184 2314 1232 2352 79
1257 2326 1296 2363 p.
1321 2313 1425 2362 854),
1462 2316 1532 2352 aut

97 2371 138 2410 in
172 2373 304 2425 Jahnii
338 2379 422 2414 tam
457 2376 603 2419 falsum
635 2389 756 2426 quam
784 2378 1004 2427 speciosum
1030 2378 1280 2431 incurrerunt
1305 2380 1532 2427 inventum:

97 2448 155 2475 me
171 2438 245 2479 did.
257 2439 279 2478 ,9
312 2440 416 2489 ‚Quid
440 2444 523 2479 erat
540 2453 608 2480 cur
624 2441 890 2491 improbarem,
916 2446 961 2482 ut
979 2442 1201 2484 Pideritius.
1241 2444 1378 2492 Neque
1396 2446 1533 2490 autem

99 2512 259 2549 possum
286 2505 435 2552 facere,
476 2506 572 2554 quin
604 2506 658 2553 ab
694 2518 740 2545 eo
777 2508 844 2556 qui
867 2507 978 2547 haec
1014 2508 1127 2556 legit,
1162 2512 1206 2547 ut
1231 2509 1386 2547 initium
1413 2508 1534 2547 huius

97 2571 318 2610 sententiae.
342 2571 536 2620 inspiciat,
560 2574 708 2621 petam.
761 2572 863 2612 Nam
892 2573 963 2612 etsi
992 2576 1030 2612 et
1057 2574 1255 2624 Kayserus
1282 2571 1533 2613 Mommsenii
