1771 2826
852 126 900 163 10

274 246 317 295 b)
356 245 526 285 Codex
550 244 815 284 Gudianus
841 246 877 292 2,
903 245 944 284 h.
970 257 1001 284 e.
1031 242 1226 294 particula
1248 240 1393 279 codicis
1410 240 1588 279 Wolten-

152 311 350 350 buttelani
385 310 488 349 foliis
526 310 710 349 maximis
744 310 819 349 256
853 310 1072 349 constantis
1111 320 1213 349 saec.
1249 308 1350 347 XIV.
1382 307 1424 346 in
1459 307 1589 346 Gallia

154 376 300 425 scripti,
328 375 435 424 quod
461 375 600 424 ingens
626 374 815 414 volumen
845 375 993 424 scripta
1018 374 1145 413 XXVI
1180 374 1398 412 maximam
1432 376 1587 423 partem

154 441 340 479 Tulliana
358 440 645 489 complectitur,
672 440 722 479 de
741 452 821 489 qua
834 453 877 479 re
888 440 1128 479 conferenda
1146 442 1205 478 est
1221 439 1369 478 Halmii
1384 451 1586 479 commen-

153 507 316 545 tationis
346 517 436 544 ›zur
454 505 895 544 Handschriftenkunde
921 506 991 544 der
1017 505 1191 545 Ciceron.
1211 504 1445 552 Schriften«,
1471 505 1585 543 Msm-

155 572 254 610 chen
284 571 392 616 1850,
427 582 517 619 pag.
546 571 580 610 7.
624 570 717 608 Eius
752 570 896 608 codicis
929 569 1027 608 nihil
1061 570 1160 608 mihi
1194 570 1235 607 in
1268 581 1392 608 manu
1426 572 1485 609 est
1509 571 1585 608 nisi

154 635 311 674 collatio
337 634 490 680 Kleinfi,
529 645 651 682 quam
690 634 908 683 divulgavit
932 633 1133 672 Goellerus
1167 633 1208 671 in
1235 645 1283 672 ea
1309 645 1430 682 quam
1464 646 1586 685 supra

154 701 235 740 dixi
254 699 433 739 Oratoris
458 699 630 737 editione
655 699 709 748 (p.
726 699 801 737 469
819 699 933 748 sqq),
961 699 1028 747 qui
1045 702 1181 737 tamen
1197 699 1404 738 Schuetzio
1423 703 1585 739 auctore

151 777 298 803 nomen
334 765 368 802 ei
404 764 546 801 indidit
572 763 880 812 Guelferbytano
907 763 1012 812 (Gu.)
1040 763 1075 801 3.

278 829 314 877 c)
355 829 521 868 Codex
547 828 885 876 Erlangensis
913 829 971 874 39,
1002 840 1120 877 quem
1153 827 1184 868 J.
1211 828 1396 867 Muellero
1424 831 1584 868 auctore

152 894 243 933 Chr.
271 894 567 931 Hoernerus
593 893 844 941 (Programm
871 894 941 931 der
964 894 1000 931 k.
1019 893 1284 934 Studienanst.
1304 893 1583 933 Zweibrficken

155 959 266 1009 1878)
295 970 454 997 summa
481 958 610 997 denuo
637 958 802 997 contulit
827 958 1042 1007 diligentia.
1069 995 1086 1009 ‚

279 1025 318 1070 d)
363 1024 514 1061 Vetus
555 1023 693 1070 (codex
734 1022 878 1070 Caroli)
919 1023 1191 1072 Stephani,
1239 1023 1350 1061 cuius
1399 1023 1584 1062 lectiones

153 1090 315 1129 editioni
332 1088 468 1137 Steph.
485 1087 697 1127 Parisiensi
713 1099 748 1126 a.
766 1088 861 1126 1555
888 1087 1064 1126 adiectae
1089 1090 1127 1126 et
1152 1100 1176 1126 a
1199 1087 1355 1137 Meyero
1382 1088 1447 1138 (Μ.
1468 1088 1585 1128 Tullii

154 1155 354 1193 Ciceronis
382 1153 539 1199 Orator,
567 1153 724 1201 Lipsiae
755 1152 866 1201 1827)
892 1153 1074 1201 prolatae
1099 1155 1202 1190 sunt.

277 1228 379 1266 Nam
407 1227 553 1266 codicis
579 1227 802 1274 Pithoeani,
829 1227 942 1267 codd.
970 1228 1140 1266 duorum
1159 1227 1316 1275 Palatt.,
1343 1228 1455 1268 codd.
1475 1230 1584 1276 mut,

152 1294 295 1342 quibus
313 1293 531 1331 Lambinus
547 1304 642 1330 usus
661 1295 730 1339 est,
756 1293 964 1341 pauciores
981 1295 1102 1331 notae
1120 1294 1213 1331 sunt
1238 1293 1433 1340 lectiones,
1460 1305 1581 1342 quam

151 1371 321 1408 quorum
349 1358 452 1397 ratio
478 1357 685 1397 habeatur.

277 1429 439 1467 Illorum
466 1429 647 1467 codicum
674 1428 929 1467 Abrincensis
956 1431 1000 1467 ut
1021 1440 1101 1467 non
1119 1429 1245 1467 solum
1273 1431 1332 1467 est
1357 1429 1582 1478 antiquissi-

150 1506 252 1541 mus,
271 1495 341 1532 sed
356 1494 479 1532 etiam
494 1494 627 1532 minus
642 1494 781 1532 ceteris
800 1494 947 1532 mutilis
965 1493 1190 1540 mendosus,
1206 1494 1262 1532 ita
1276 1505 1326 1532 ex,
1338 1493 1476 1532 eodem
1490 1505 1582 1532 eum

151 1571 229 1608 quo
258 1561 410 1597 ceteros
436 1558 557 1596 libros
585 1561 681 1598 mut.
710 1558 869 1596 fluxisse
896 1560 1061 1598 constat.
1115 1558 1162 1597 Et
1200 1558 1249 1596 de
1285 1558 1402 1595 huius
1438 1558 1582 1596 codicis

150 1627 294 1662 natura
322 1626 359 1662 et
385 1624 434 1662 de
455 1622 975 1672 GudianIErlangensisque
997 1623 1037 1662 C.
1067 1623 1419 1672 Stegmannius‚
1445 1623 1516 1661 etsi
1542 1625 1582 1661 et

150 1688 439 1727 Schneidewini
458 1689 668 1726 collatione
681 1689 769 1726 libri
784 1688 943 1729 Abrinc.
960 1699 1103 1727 manca
1119 1690 1157 1727 et
1170 1688 1378 1726 collatione
1390 1687 1582 1727 Hoerneri

150 1755 234 1793 cod.
263 1754 420 1802 Erlang.
441 1754 597 1802 integra
623 1754 796 1800 carebat,
823 1755 918 1792 satis
945 1756 1049 1792 recte
1075 1754 1171 1791 mihi
1189 1754 1344 1791 videtur
1368 1753 1581 1799 iudicasse;

149 1819 217 1867 qui
252 1818 291 1856 in
319 1819 606 1857 dissertationis
644 1817 891 1866 inauguralis
925 1818 990 1865 (de
1026 1817 1204 1856 Oratoris
1230 1817 1401 1856 Tulliani
1434 1819 1582 1857 mutilis

150 1884 216 1934 qui
251 1884 436 1923 dicuntur
472 1883 597 1933 libris)
634 1895 671 1933 p.
711 1884 758 1923 10
792 1895 898 1933 seqq.
935 1883 1034 1922 haec
1068 1883 1244 1923 disserit:
1300 1883 1427 1923 »Satis
1463 1884 1583 1934 igitur

148 1951 335 1987 accurate
361 1949 425 1986 hic
451 1949 549 1986 liber
575 1949 744 1997 scriptus
763 1951 832 1995 est,
858 1960 986 1996 neque
1004 1948 1257 1993 estomnino,
1284 1960 1354 1986 cur
1378 1951 1582 1997 tantopere

149 2014 200 2053 ab
228 2013 446 2053 editoribus
472 2016 516 2053 ut
542 2016 749 2063 corruptus
775 2015 814 2052 et
840 2012 1099 2063 interpolatus
1128 2015 1348 2062 respuatur.
1375 2029 1419 2044 ⁴-
1447 2013 1583 2063 Longe

147 2091 241 2117 vero
263 2080 341 2117 alia
360 2091 422 2117 res
443 2081 502 2117 est
530 2080 570 2117 in
597 2079 706 2117 libris
732 2079 809 2119 Erl.
837 2082 875 2118 et
893 2079 1014 2118 Gud.:
1041 2079 1108 2127 qui
1135 2079 1208 2116 etsi
1235 2091 1282 2117 ex
1307 2080 1446 2117 eodem
1472 2079 1582 2118 fonte

147 2155 195 2182 ex
222 2155 301 2192 quo
323 2143 418 2182 Abr.
442 2143 655 2190 fluxerunt,
681 2145 818 2182 tamen
845 2144 912 2192 qui
940 2155 1007 2182 eos
1033 2143 1272 2193 scripserunt
1306 2143 1420 2182 valde
1448 2144 1582 2193 negle-

147 2212 285 2257 genter
312 2211 350 2247 et
374 2199 425 2246 >ex
451 2208 616 2247 arbitrio
644 2220 717 2247 suo
737 2211 915 2247 versatos
942 2220 1027 2247 esse
1052 2220 1170 2247 nemo
1196 2221 1277 2247 non
1303 2210 1442 2248 videt.‹
1480 2210 1581 2248 Rec-

145 2274 296 2311 tissime
323 2277 457 2312 autem
485 2274 543 2311 ita
570 2272 779 2321 distinguit
805 2272 1032 2311 Gudianum
1052 2272 1103 2311 ab
1121 2273 1291 2321 Erlang.,
1318 2275 1362 2311 ut
1383 2273 1486 2319 huic,
1512 2274 1580 2323 qui

146 2338 281 2376 multis
296 2338 391 2376 locis
418 2337 790 2387 interpolationibus
805 2339 843 2376 et
856 2337 1138 2376 additamentis
1160 2340 1368 2386 corruptus
1381 2337 1443 2384 sit,
1468 2338 1578 2377 illum

147 2402 273 2440 multo
309 2405 541 2452 praeponat.
593 2402 730 2451 Neque
764 2404 900 2440 tamen
935 2401 1164 2449 negandum
1200 2403 1259 2440 est
1295 2401 1452 2452 Erlang.
1487 2415 1579 2441 cum

144 2468 354 2516 permultis
381 2468 477 2507 locis
504 2467 688 2507 exhibere
715 2479 829 2506 veras
856 2467 1043 2506 lectiones
1070 2469 1156 2506 tum
1180 2468 1308 2507 solum
1335 2481 1383 2508 ex
1408 2469 1514 2508 notis
1540 2472 1579 2508 et

144 2532 298 2570 collatis
324 2532 433 2570 libris
461 2533 628 2570 alteram
643 2533 800 2571 tradere
814 2535 971 2580 partem
1000 2533 1194 2571 enuntiati
1222 2533 1243 2583 ἓ
1275 2533 1345 2571 185
1372 2534 1424 2572 ab
1451 2534 1579 2573 verbis
