1771 2826
932 124 981 165 28

236 243 289 280 L*
311 243 630 291 persecutionum
987 246 1017 285 E
1039 246 1350 294 persecutionem
1382 246 1415 285 V
1453 246 1681 297 prescripti-

1036 321 1161 349 onum
1194 311 1228 349 D
1252 309 1567 359 perseeutionmn

231 372 287 409 L⁹
318 382 396 422 que
418 373 593 422 ‘quidem'
983 374 1016 415 Ε
1041 387 1147 426 quae
1158 376 1318 426 quidem
1336 374 1423 417 vit.
1450 377 1483 416 D
1498 388 1575 427 que
1592 377 1684 426 quid

233 436 286 475 L²
316 438 486 476 rationes
508 442 559 487 (V.
580 440 604 480 l.
622 450 717 489 pro:
743 441 941 492 regiones)
983 441 1014 480 E
1041 442 1222 491 reglones
1249 442 1281 480 V
1307 442 1409 483 ital)
1435 443 1478 482 it.

239 501 364 550 §142
389 503 440 541 L2
470 504 532 541 sin
559 515 606 543 ea
628 524 632 526 ἡ
985 506 1016 544 E
1042 506 1104 544 sin
1129 506 1229 544 eaV
1253 506 1288 543 si
1313 517 1361 545 ea
1386 506 1500 546 Dsin
1516 519 1564 546 ea

238 566 289 604 [β
319 578 416 605 cura
437 572 484 605 ἰιι
578 582 581 587 ’
986 570 1017 609 Ε
1042 581 1112 609 cur
1138 572 1208 609 aut
1234 571 1268 609 V
1294 571 1335 611 it.
1362 570 1397 609 D
1422 572 1466 609 it.

239 630 290 668 [β
320 632 537 680 gloriosum
566 637 624 672 est
987 635 1017 673 E
1044 635 1257 684 gloriosum
1290 635 1384 684 (om.
1415 636 1485 685 est)
1506 636 1550 673 ‚v
1578 636 1619 675 it.
1641 636 1680 674 D

1037 699 1133 749 glor.
1161 702 1219 739 est

234 761 261 810 g
289 761 363 799 233
389 762 441 799 L2
471 763 589 812 paulo
615 775 759 804 comm.
784 766 825 804 in
848 778 947 815 qua·
988 764 1019 802 Ε
1055 765 1234 813 paullum
1272 775 1304 803 c.
1344 765 1383 802 in
1423 766 1614 813 quadram
1650 764 1683 802 V

290 826 417 864 dn'am
1037 829 1204 879 paulum
1217 839 1249 868 c.
1268 828 1309 867 in
1327 830 1518 878 quadram
1535 828 1569 868 D
1584 841 1683 879 pau-

735 918 737 921 ·
1039 894 1120 932 lum
1137 904 1169 933 c.
1182 894 1224 931 in
1238 894 1434 942 quadrum

238 955 291 993 L2
322 957 463 1005 aptum
494 957 587 995 illud
989 958 1020 996 E
1046 960 1185 1007 aptum
1213 958 1307 1007 (om.
1334 958 1444 1006 illud)
1471 959 1504 996 V
1531 970 1566 999 a.
1589 959 1684 998 illud

1038 1023 1072 1061 D
1098 1023 1140 1062 it.

239 1084 292 1122 L2
322 1096 473 1123 summe
500 1086 548 1123 de
575 1087 709 1134 grachi
989 1088 1020 1125 E
1046 1099 1158 1125 sume
1184 1087 1233 1126 de
1263 1087 1429 1126 Gracchi
1455 1088 1489 1125 V
1514 1088 1554 1127 it.
1583 1088 1614 1126 D
1641 1089 1680 1128 it.

234 1148 263 1197 ξ
289 1149 365 1187 234
391 1150 442 1187 L2
473 1150 599 1189 noluit
988 1152 1018 1191 E
1045 1152 1166 1191 voluit
1192 1152 1225 1190 V
1251 1152 1378 1192 noluit
1402 1152 1436 1191 D
1460 1152 1503 1191 it.

240 1214 291 1252 L2
321 1226 518 1265 nemoque
989 1218 1019 1256 E
1045 1229 1162 1265 neque
1188 1217 1221 1254 V
1246 1229 1443 1266 nemoque
1468 1218 1501 1256 D
1524 1219 1565 1258 it.

241 1279 292 1317 L²²³
322 1279 505 1329 clupeum
542 1281 598 1331 (m
624 1284 641 1306 ‘¹
681 1283 852 1332 clipeum
886 1284 934 1322 cf.
988 1282 1018 1321 E
1040 1282 1188 1331 clupem
1212 1282 1266 1330 (in
1293 1293 1418 1330 marg.
1440 1282 1685 1333 clypeumw

292 1344 443 1386 Charis.
459 1346 573 1385 Keilii
593 1359 627 1387 V.
649 1347 677 1394 Ι,
696 1360 733 1396 p.
763 1349 810 1386 77
837 1349 935 1398 seq.)
1038 1348 1217 1396 clypeum
1243 1347 1276 1385 D
1302 1348 1343 1386 it.

366 1425 454 1464 Jam
483 1428 699 1476 posteriore
717 1429 860 1468 codicis
878 1433 992 1479 parte
1010 1429 1143 1468 animo
1162 1427 1413 1478 perlustrata,
1440 1427 1548 1477 prior
1569 1440 1672 1477 pars,

241 1503 320 1541 qua
347 1491 542 1541 quidquid
566 1492 606 1530 in
634 1493 700 1531 illa
725 1493 834 1532 deest
861 1494 913 1532 ab
940 1494 1050 1532 initio
1078 1503 1202 1542 usque
1228 1492 1279 1531 ad
1306 1491 1327 1541 ξ
1357 1492 1429 1530 100
1454 1504 1537 1532 voc.
1566 1496 1673 1531 tanta

240 1556 395 1604 eloquen
410 1556 496 1606 (tia)
514 1558 750 1604 continetur,
769 1559 877 1608 quali
893 1559 942 1598 sit
957 1561 995 1598 et
1009 1558 1149 1597 habitu
1163 1560 1201 1597 et
1214 1557 1357 1604 indole,
1376 1558 1672 1607 perspiciamus.

240 1621 299 1660 Ac
324 1623 498 1670 primum
536 1623 694 1671 quidem
722 1624 970 1662 admonitum
1007 1624 1124 1662 velim
1160 1623 1264 1661 hanc
1298 1624 1454 1671 partem
1481 1626 1520 1661 et
1544 1623 1673 1661 forma

239 1686 461 1725 litterarum
503 1690 540 1725 et
578 1699 762 1726 versuum
803 1689 1021 1727 intervallis
1060 1701 1141 1727 non
1179 1688 1344 1737 paulum
1382 1687 1595 1726 abhorrere
1622 1679 1674 1726 ab

241 1751 319 1790 illa.
371 1751 475 1789 Nam
502 1751 685 1790 librarius
711 1764 793 1791 non
818 1753 947 1791 solum
983 1753 1108 1791 multo
1134 1752 1363 1799 rarioribus,
1389 1752 1429 1790 id
1456 1751 1563 1801 quod
1589 1763 1627 1802 p.
1651 1752 1675 1791 8

241 1818 564 1864 commemoravi,
591 1818 807 1858 intervallis
821 1831 916 1858 usus
934 1823 1005 1865 est,
1033 1819 1101 1858 sed
1119 1820 1238 1858 etiam
1256 1818 1407 1857 litteras
1434 1818 1675 1857 minusculas

235 1882 409 1920 confecit
449 1885 486 1921 et
526 1883 669 1932 insigni
709 1884 839 1922 forma
879 1887 917 1923 et
956 1884 1206 1923 rotundatas.
1258 1883 1452 1930 Quicum
1479 1885 1674 1932 quantum

232 1947 324 1986 >folii
344 1947 437 1989 CIII.
456 1951 678 1999 superesset
696 1949 770 1988 sibi
792 1962 840 1989 ex
863 1950 1149 1989 consuetudine
1167 1949 1351 1988 scribenti
1369 1960 1447 1988 non
1469 1951 1676 1998 suppetere

241 2014 414 2060 vidisset,
441 2015 605 2053 alterius
632 2015 796 2053 extremi
823 2015 904 2052 folii
930 2015 1101 2063 paginae
1127 2026 1262 2052 versus
1294 2015 1351 2052 ita
1378 2014 1498 2060 auxit,
1525 2015 1570 2051 ut
1595 2025 1675 2052 non

241 2078 373 2117 solum
402 2091 469 2118 eos
496 2080 692 2127 densaret,
729 2081 798 2119 sed
825 2080 944 2119 etiam
973 2082 1010 2119 et
1036 2080 1085 2118 de
1111 2079 1304 2118 inferioris
1331 2079 1521 2128 marginis
1547 2080 1676 2129 spatio

243 2144 495 2192 aliquantum
523 2145 748 2183 detraheret
774 2147 813 2183 et
839 2146 890 2183 ad
918 2147 1140 2183 extremum
1168 2156 1193 2182 a
1210 2144 1492 2182 consuetudine
1509 2145 1676 2193 paginas

241 2208 433 2259 bipartito
461 2209 721 2249 distribuendi
748 2210 975 2249 discederet.

369 2275 518 2315 Deinde
543 2276 642 2315 haec
668 2279 760 2315 sunt
785 2276 834 2315 de
870 2276 1065 2315 scribendi
1096 2275 1404 2325 proprietatibus
1435 2285 1677 2313 commemo-

241 2341 383 2380 randa.
438 2341 546 2380 Solet
572 2341 742 2380 scribere
766 2340 972 2379 librarius:
1008 2340 1249 2386 adolescens,
1275 2339 1424 2385 concio,
1450 2338 1676 2388 intelligere,

243 2406 454 2456 negligere,
480 2407 614 2457 paulo,
639 2409 769 2457 poeta,
797 2406 984 2456 quotidie,
1010 2405 1307 2445 simulachrum.
1346 2403 1556 2444 Praeterea
1580 2405 1677 2444 haec

245 2473 522 2510 inveniuntur:
562 2471 720 2518 author,
755 2471 1014 2520 expectanda,
1048 2472 1211 2516 extaret,
1238 2470 1386 2508 exstitit
1413 2470 1525 2520 (extit
1552 2470 1574 2516 g
1599 2470 1677 2518 23),

244 2535 446 2583 exultavit,
482 2535 688 2583 increbuit,
721 2535 857 2583 literis,
892 2537 929 2575 et
964 2534 1147 2584 pulcrum
1174 2536 1213 2573 et
1239 2534 1454 2584 pulchrius,
1488 2536 1678 2582 retorum,
