1771 2826
807 145 854 182 37

729 308 814 359 [fol.
840 308 889 347 93
899 308 933 358 v]

370 389 420 429 M.
449 388 494 429 T.
522 387 718 428 Ciceronis
743 388 794 427 ad
821 388 870 428 M.
897 388 1064 427 Brutum
1093 387 1248 428 Orator.
1260 387 1296 438 *)

158 457 182 507 g
212 457 228 495 1
269 453 401 504 unice]
431 454 544 493 unice
570 456 589 493 l!
615 453 703 503 (litt.
729 454 861 493 nescio
888 466 967 503 qua
993 466 1106 492 erasa
1132 455 1203 501 est)
1238 475 1282 481 —
1310 453 1539 501 praesertim

310 551 318 559 .
346 550 355 559 .
382 518 603 568 praeclara]
634 519 838 567 presertim
867 550 874 558 .
905 551 912 558 .
942 550 950 558 .
977 518 1165 567 preclara.

160 595 182 644 ξ
209 595 233 632 ,⁶2
271 592 410 642 quam]
447 595 565 641 quam
603 593 672 640 (sic
701 585 1128 642 nonnunquam‚'item
1165 592 1198 637 ὰ,
1229 592 1258 637 ἑ,
1282 591 1381 640 fere,
1412 590 1546 638 porri),

272 657 376 701 neue,
402 659 439 694 et
462 655 581 704 edque
606 658 645 694 et
670 656 797 703 eaque,
824 656 930 702 alia).

162 733 185 782 ἓ
212 732 234 770 3
273 734 311 770 et
336 730 568 780 perfectiss]
603 729 761 779 perfect.
797 730 937 779 (marg.
975 730 1025 768 ab
1060 731 1196 769 eadem
1225 743 1276 770 m
1303 733 1337 767 et
1370 730 1544 778 adscrip-

273 798 358 835 tum
387 796 471 841 est).

161 864 183 912 ξ
210 863 236 900 4
272 860 428 910 omnes]
465 860 592 898 omnis
623 881 666 888 —
692 860 836 909 expet]
874 827 1172 909 expetendas**)
1207 860 1359 909 poterit.
1387 858 1544 908 Prima]

273 925 415 975 poterit
448 925 578 973 prima
612 946 651 953 -
678 925 897 974 tertiisque]
928 926 1150 974 terriiisque
1175 948 1225 955 -
1251 924 1373 973 Nam]
1408 923 1470 962 An
1499 945 1542 950 —

273 992 332 1028 est
362 1010 405 1016 -
433 992 475 1027 ut
509 989 558 1027 de
590 988 653 1028 Gr.
691 989 713 1028 l.
746 1011 786 1015 —
816 989 904 1039 aut]
940 992 997 1028 est
1031 990 1091 1039 (ut
1116 990 1165 1028 de
1190 989 1254 1029 Gr.
1282 989 1437 1037 loquar)
1475 991 1545 1026 aut

276 1054 347 1103 (sic
372 1053 629 1103 parenthesis,
665 1064 766 1102 quae
799 1056 933 1092 tamen
972 1065 1089 1103 saepe
1126 1054 1355 1103 neglegitur,
1390 1063 1545 1101 semper

274 1117 535 1167 significatur)
556 1139 598 1144 —
620 1117 870 1167 Archilocho]
889 1118 1097 1156 Archiloco
1129 1140 1170 1146 —
1199 1118 1403 1156 secundos.
1443 1116 1544 1166 Nec]

276 1182 493 1222 secundos?
519 1192 601 1220 nec.

164 1249 185 1298 g
211 1248 234 1285 5
273 1248 467 1298 Doryph]
494 1247 708 1297 doryphori
734 1247 818 1296 (litt.
844 1261 869 1297 y
895 1260 942 1287 ex
966 1248 978 1285 i
1005 1248 1214 1286 emendata
1242 1248 1328 1297 est.)

516 1327 600 1376 [fol.
627 1327 692 1366 94ιΡ
716 1331 784 1365 aut
809 1340 881 1376 quo
902 1340 1034 1376 proyr.
1063 1327 1153 1377 cet.]

162 1407 184 1456 ξ)
211 1407 234 1445 6
273 1405 446 1445 excellat.
473 1406 531 1444 Ac
545 1406 592 1456 t.]
620 1407 781 1446 excellat
806 1406 993 1445 Attamen
1021 1428 1065 1434 —
1093 1407 1402 1456 praestantibus]
1431 1419 1546 1455 prae-

276 1471 463 1511 sentibus,

165 1535 187 1585 ξ]
214 1536 235 1573 7
276 1547 329 1574 an
354 1535 495 1585 nunq]
522 1548 575 1574 an
600 1547 788 1585 unquam.

167 1602 238 1651 §8
277 1601 506 1651 pulchrum]
546 1601 725 1650 pulcrum
766 1624 813 1631 -—
852 1602 1087 1653 simulacris]
1127 1603 1375 1641 simulachris
1417 1624 1461 1630 —-
1501 1601 1547 1639 iis

278 1665 389 1715 pict]
417 1665 478 1704 his
504 1666 594 1714 pict.

140 1730 163 1779 ἓ
193 1730 239 1768 10
277 1728 412 1779 ἰδέας]
440 1730 548 1768 ideas
575 1752 622 1758 -
649 1730 805 1781 auctor]
833 1731 986 1772 author.

143 1795 164 1844 ξ
195 1796 235 1833 11
279 1794 479 1844 oratoriis]
508 1795 675 1833 oratoris
701 1818 751 1823 —
776 1796 975 1846 subobsc]
1003 1798 1076 1835 sub
1102 1809 1283 1835 oscuram
1315 1819 1356 1825 —

517 1875 601 1925 [fol.
628 1876 696 1915 94ν
721 1888 817 1924 quae
842 1878 1061 1925 quaerimus
1088 1878 1178 1927 cet]

142 1954 166 2003 ἓ
196 1955 240 1992 12
279 1954 475 2003 inaudita]
503 1954 543 1991 in
569 1954 707 1992 audita
734 1976 781 1983 —
808 1957 866 1994 est
891 1958 929 1994 et
947 1957 1105 1995 adiutus
1125 1988 1133 1996 .
1154 1989 1161 1997 .
1183 1988 1191 1997 .
1212 1989 1219 1996 .
1247 1958 1303 1995 est
1341 1966 1411 1994 nec
1437 1954 1549 2004 satis]

281 2021 340 2057 est
365 2028 436 2057 nec
463 2019 558 2057 satis
586 2019 669 2067 (sed
696 2030 778 2059 voc.
807 2023 841 2057 et
864 2021 1019 2058 adiutus
1047 2054 1054 2060 .
1084 2053 1091 2060 .
1121 2054 1128 2061 .
1157 2053 1165 2061 .
1193 2024 1247 2059 est
1280 2022 1318 2058 in
1347 2032 1470 2068 marg.
1499 2019 1551 2057 ab

282 2084 420 2121 eadem
446 2095 498 2123 rn.
526 2084 659 2121 addita
687 2084 805 2134 sunt).

145 2145 167 2196 ἓ
198 2147 244 2185 14
281 2147 493 2198 imprimis]
538 2148 577 2187 in
618 2148 754 2197 primis
793 2171 842 2177 —
879 2149 1044 2198 copios.]
1085 2150 1265 2198 copiosus
1308 2149 1375 2197 (ab
1413 2149 1551 2187 eodem

282 2213 444 2252 librario
471 2214 511 2252 in
538 2214 728 2262 copiosius
753 2216 971 2253 correctum
998 2226 1081 2254 voc.
1109 2217 1192 2262 est)

255 2351 289 2397 ¹⁸¹)
316 2354 530 2401 Exemplari,
557 2356 603 2390 ad
621 2356 718 2402 quod
740 2355 831 2391 hanc
848 2358 961 2391 totam
983 2356 1204 2391 collationem
1227 2354 1551 2399 accommodabam:

134 2410 311 2450 Ciceronis
336 2426 482 2460 operum
510 2415 565 2451 ed.
591 2415 773 2452 Turicensi
800 2416 916 2452 altera
943 2427 1029 2452 usus
1055 2428 1142 2453 sum.

253 2475 308 2521 **)
335 2478 493 2514 Litterae
518 2481 557 2514 in
583 2492 763 2515 erasarum
789 2481 866 2516 loco
901 2480 1038 2525 positae
1071 2491 1184 2525 prono
1218 2483 1388 2525 typorum
1425 2491 1555 2526 genere

135 2538 321 2573 notant-ur.
