1771 2826
732 164 873 218 Α35

139 280 188 319 L3
215 277 360 317 haheat
386 278 448 328 (cf.
475 291 512 327 p.
541 279 603 328 33)

139 344 191 382 L⁸
215 343 298 393 (ad)
325 342 363 380 id

140 409 190 447 L³
215 407 487 446 historicorum
517 420 540 445 a

140 601 191 638 L³
216 600 467 648 explicandus
493 604 550 638 est

141 729 162 778 ξ
188 728 237 768 69
263 729 313 766 L3
339 729 437 767 dicet

140 794 190 832 L3
216 793 383 831 oratoris

140 859 191 896 L3
216 858 425 896 vehemens

140 987 191 1024 L3
217 998 297 1024 uno
323 987 380 1023 vis

141 1116 162 1163 ξ,
192 1115 239 1152 70
264 1114 314 1152 L3
338 1117 395 1152 est
421 1115 667 1163 eloquentiae

141 1241 192 1279 L³
217 1241 454 1289 reliquarum

141 1305 191 1342 L3
218 1306 440 1353 cognitione

141 1435 190 1472 L³
211 1435 457 1483 ignoratione
473 1466 480 1473 .
494 1467 500 1473 .
513 1464 521 1472 .
537 1437 573 1472 et
588 1435 626 1472 in
641 1435 832 1483 poematis

877 281 907 319 E
933 280 1048 319 habet
1073 280 1106 317 V
1131 279 1164 316 D
1191 277 1222 316 G
1253 279 1283 318 1.
1312 278 1334 316 2
1360 279 1400 317 it.

877 342 1347 382 EhocVDGLQid

877 410 907 448 E
941 409 1214 447 historicorum
1252 418 1296 445 ac
1330 407 1362 444 V
1392 407 1424 445 D
1460 407 1492 445 G
1521 408 1538 445 1

926 474 1202 511 historicorum
1230 483 1252 509 a
1280 471 1311 509 G
1338 472 1361 508 2
1387 471 1543 508 histori-

926 549 1038 575 arum
1064 549 1085 575 a

877 602 907 639 E
941 602 1040 650 expl.
1076 604 1131 639 est
1158 601 1191 638 V
1218 600 1249 638 G
1290 601 1306 638 1
1337 600 1376 637 it.
1403 595 1495 637 D‘G
1521 599 1545 636 2

928 666 1024 715 expl.
1054 669 1147 710 (om.
1174 665 1242 714 est)

855 712 858 772 l
879 731 909 769 E
935 731 1027 769 diest
1055 731 1087 767 v
1108 730 1140 768 D
1159 730 1190 768 G
1213 731 1227 768 1
1250 730 1351 768 dicet
1373 729 1405 767 G
1423 729 1446 766 Ξ
1471 729 1571 766 decet

853 910 856 924 ι

854 959 856 983 ἐ

878 797 908 835 Ε
922 796 1107 835 orationis
1122 795 1154 833 V
1168 794 1199 833 G
1217 796 1248 834 1.
1264 795 1286 832 2
1301 795 1341 836 it,
1355 794 1388 832 D
1403 794 1570 832 oratoris

854 862 908 908 {E
941 861 1150 899 vehemens
1179 860 1211 898 V
1243 860 1275 897 D
1307 859 1339 897 G
1373 860 1388 896 1
1419 859 1457 897 it.
1486 858 1514 896 G
1546 859 1570 897 2

926 925 1078 962 uberius

877 990 906 1027 E
932 990 990 1026 vis
1018 989 1110 1037 (om.
1137 991 1226 1033 mio)
1263 988 1294 1024 V
1322 987 1354 1024 D
1381 986 1412 1024 G
1443 988 1457 1023 1
1489 997 1569 1023 uno

928 1054 985 1091 vis
1012 1053 1044 1091 G
1070 1053 1093 1090 2
1119 1053 1184 1089 'cix
1209 1064 1283 1089 uno

877 1119 907 1156 E
932 1118 1044 1155 etiam
1073 1117 1318 1165 eloquentiae
1344 1116 1375 1152 V
1403 1115 1434 1153 G
1464 1116 1480 1153 1
1511 1117 1570 1152 est

925 1182 1024 1230 eloq.
1052 1182 1084 1219 D
1112 1181 1144 1219 G
1170 1182 1194 1219 ΕΖ
1220 1181 1316 1229 eloq.
1346 1181 1439 1228 (om.
1466 1180 1534 1227 est)

876 1247 906 1284 E
921 1246 1088 1284 aliarum
1103 1246 1136 1283 V
1150 1246 1184 1283 D
1195 1245 1227 1283 G
1244 1246 1275 1283 1.
1292 1245 1315 1283 2
1329 1244 1569 1292 reliquarum

877 1311 907 1348 E
933 1311 1155 1358 cognitione
1182 1309 1214 1345 V
1241 1309 1273 1346 G
1304 1310 1334 1347 1.
1362 1309 1385 1345 2
1412 1309 1449 1345 it.
1477 1308 1511 1344 D
1537 1311 1571 1344 et

927 1374 1147 1423 cognitione

877 1440 907 1478 E
934 1438 1151 1488 ignorantia
1182 1469 1215 1478 ..
1231 1467 1239 1476 .
1265 1439 1306 1475 in
1327 1436 1572 1486 poematibus

927 1505 1019 1553 (oni.
1047 1507 1095 1550 et)
1115 1503 1147 1539 V
1165 1502 1411 1551 ignoratione
1439 1533 1446 1540 .
1467 1533 1475 1540 .
1496 1531 1503 1538 .
1530 1501 1569 1538 in

924 1567 1168 1617 poematibus
1185 1567 1217 1605 D
1236 1567 1482 1615 ignoratione
1502 1598 1510 1605 .
1533 1598 1540 1605 .
1562 1598 1570 1605 .

929 1634 967 1670 et
994 1633 1033 1669 in
1051 1632 1245 1680 poematis
1272 1631 1333 1679 (ἓ).
1361 1631 1393 1669 G
1416 1632 1429 1668 1
1458 1631 1569 1678 igno-

929 1695 1050 1734 rantie
1077 1725 1084 1732 .
1114 1727 1121 1735 .
1150 1727 1158 1735 .
1193 1696 1234 1733 in
1264 1695 1459 1744 poematis
1485 1694 1516 1732 G
1548 1695 1571 1732 2

927 1759 1021 1808 (om.
1054 1758 1290 1806 iynoratioue
1327 1790 1333 1796 .
1373 1791 1380 1798 .
1417 1789 1424 1796 .
1463 1761 1497 1794 et
1531 1758 1572 1794 in

927 1822 1112 1871 poematis
1136 1822 1196 1871 et).

264 1902 372 1948 Quas
408 1914 527 1951 supra
560 1902 738 1951 exempla
765 1903 952 1942 afferendi
986 1914 1105 1941 causa
1132 1902 1278 1940 contuli
1304 1913 1393 1940 cum
1420 1902 1557 1939 ceteris

138 1967 333 2014 lectiones,
360 1979 427 2006 eas
453 1967 485 2005 si
501 1967 590 2016 quis
608 1967 730 2005 oculis
745 1968 991 2017 percurrerit,
1017 1968 1108 2006 huic
1126 1967 1268 2005 codicis
1287 1967 1390 2015 parti
1421 1978 1559 2004 omnes

139 2032 300 2078 codices,
328 2032 394 2080 qui
421 2032 578 2080 quidem
605 2032 686 2070 noti
713 2034 750 2070 et
776 2033 905 2070 collati
928 2035 1030 2076 sunt,
1058 2034 1171 2069 tanto
1190 2032 1325 2069 cedere
1345 2031 1561 2078 intelleget,

141 2097 291 2144 quanto
318 2107 368 2135 ne
393 2107 495 2134 unus
522 2096 681 2145 quidem
708 2108 755 2135 ex
781 2096 887 2135 libris
923 2108 991 2135 seu
1026 2096 1160 2135 ceteris
1198 2098 1289 2134 ante
1315 2094 1464 2133 collatis
1491 2107 1560 2133 seu

140 2160 260 2199 cuivis
285 2161 442 2199 illorum
469 2164 527 2200 est
552 2162 868 2211 postponendus;
904 2173 998 2200 nam
1034 2164 1202 2207 ceteros,
1238 2161 1310 2199 etsi
1336 2172 1416 2198 non
1442 2161 1562 2209 plane

140 2224 238 2263 alter
257 2225 421 2264 alterius
440 2226 714 2265 auctoritatem
733 2229 995 2276 assequuntur
1019 2229 1137 2275 atque
1163 2228 1397 2274 exaequant,
1423 2227 1559 2263 tamen

139 2291 337 2336 permulto
364 2291 494 2329 minus
521 2291 621 2329 inter
645 2303 687 2329 se
713 2291 934 2340 discrepare
960 2303 1076 2330 nemo
1091 2292 1244 2340 poterit,
1271 2303 1338 2328 seu
1365 2290 1439 2328 illis
1459 2302 1561 2339 quae

140 2364 260 2403 supra
295 2356 498 2405 composui
532 2367 600 2394 seu
635 2355 785 2406 reliqua
820 2356 1033 2395 lectionum
1056 2359 1168 2406 parte
1207 2356 1444 2406 perquisitis,
1482 2367 1561 2393 non

139 2422 374 2460 contendere
402 2425 522 2471 atque
548 2422 758 2461 affirmare.
812 2423 927 2469 Quod
962 2435 1049 2461 cum
1086 2423 1141 2460 ita
1177 2434 1217 2459 se
1251 2421 1419 2467 habeat,
1460 2421 1563 2459 hanc

138 2484 282 2523 codicis
320 2489 476 2536 partem
516 2488 567 2525 ad
607 2487 899 2526 similitudinem
925 2488 1140 2526 Laudensis
1181 2487 1381 2536 archetypi
1427 2486 1562 2524 ceteris

137 2558 262 2597 usque
288 2552 339 2590 ad
365 2552 438 2590 hoc
464 2554 620 2600 tempus
648 2552 798 2590 collatis
837 2552 962 2590 multo
993 2552 1155 2600 propius
1183 2552 1365 2590 accedere
1391 2553 1557 2589 constat.

1332 2613 1372 2647 3*
