1771 2826
792 127 1025 182 „„,M?3§m

207 247 229 295 ἓ
261 246 304 284 15
344 245 556 294 siquidem]
584 245 615 282 si
635 246 794 293 quidem
822 246 894 294 (sic
910 246 1042 286 librar.
1063 247 1162 286 solet
1180 246 1363 296 scribere)
1395 268 1434 275 —
1464 246 1622 297 ceteris]

345 310 508 349 caeteris
537 331 579 337 -—
610 310 842 360 fecundum]
869 310 1120 352 faecundum.

207 376 228 425 g
261 375 305 414 16
344 387 488 422 rerum,
515 375 645 425 cuius]
672 378 832 416 rerum?
859 377 980 418 cuius,

546 454 629 504 [fol.
657 454 722 493 95¹
746 454 977 504 eloquentiae
998 459 1157 505 patrum
1182 456 1274 507 cet.]

207 535 229 583 ξ
260 535 305 572 18
344 535 503 584 reapse]
530 548 572 574 re
600 536 696 584 ipsa.
723 577 731 584 ,

208 600 229 649 ξ
260 599 306 637 19
346 599 515 649 Quodsi]
544 599 658 647 Quod
686 601 717 639 si
746 600 805 650 (ut
830 601 1001 641 scribere
1027 601 1124 641 solet
1150 602 1251 648 libr.)

209 664 231 713 ξ
259 664 308 702 20
345 667 552 715 perpauci]
579 679 649 715 per
675 668 791 716 pauci
818 690 864 696 —
893 669 1089 714 conclusa,
1117 669 1182 707 alii
1206 669 1297 717 cet.]
1324 668 1521 712 conclusa,
1547 668 1624 705 Alii

348 729 424 767 leui
453 732 492 768 et
518 731 711 770 instructa
736 735 775 770 et
801 732 1026 780 terminata,
1053 732 1100 772 Et
1127 735 1264 772 contra
1291 735 1360 772 cet.

212 793 233 841 ξ
261 793 305 830 21
350 794 450 832 inter
485 795 570 841 hos,
607 796 778 845 medius]
814 797 1070 835 intermedius
1098 818 1141 824 —
1172 797 1351 846 flumine]
1387 797 1550 835 fulmine
1575 816 1624 824 —

348 859 519 909 vicinus]
554 862 599 898 ut
633 860 771 899 cirinus
801 881 843 887 —
874 860 974 901 facil.
1010 863 1047 900 et
1082 860 1296 912 aequabil]
1331 861 1559 901 facultatem
1587 862 1625 901 et

350 925 644 972 aequalitatem.

211 987 232 1038 ξ)
259 988 307 1026 22
346 989 425 1027 vim
453 988 492 1028 in
518 990 636 1041 sing]
675 990 756 1029 uim
784 991 881 1041 sing.
909 1014 956 1020 —
983 991 1148 1043 satisne]
1184 992 1279 1032 satis
1305 1004 1355 1032 ne
1394 1014 1437 1020 —
1476 991 1624 1043 simul]

351 1055 632 1093 simulachrum
662 1080 707 1085 —
734 1059 961 1104 possemus!
988 1058 1089 1106 Ess]
1117 1069 1332 1105 possemus.
1361 1061 1474 1096 esset.

600 1145 683 1196 [fol.
711 1146 777 1185 95v
805 1146 911 1196 ἴση-(χε
937 1147 1110 1185 omnibus
1136 1147 1227 1197 cet]

212 1220 233 1266 ἓ
262 1220 309 1256 23
349 1220 559 1268 accomm]
587 1221 855 1258 accomodarit
876 1242 920 1248 —
940 1221 1105 1271 exstitit]
1134 1222 1232 1260 extit
1259 1243 1307 1249 —
1335 1232 1414 1270 quo
1440 1232 1489 1259 ne
1511 1220 1624 1271 Ath.]

352 1296 429 1334 quo
456 1284 634 1324 Athenas
661 1285 749 1336 (quo
768 1298 840 1326 scr.
866 1288 924 1325 est
951 1289 1125 1326 extrema
1150 1287 1267 1334 linea,
1293 1287 1361 1326 sed
1386 1286 1517 1336 spatio
1544 1298 1626 1325 non

351 1350 502 1396 relicto)
529 1372 572 1377 —
604 1362 686 1388 non
705 1351 798 1391 imb.
817 1363 846 1390 S.
866 1351 977 1400 met.]
1005 1363 1098 1389 nom
1113 1351 1197 1400 (sic)
1213 1351 1305 1391 imh.
1325 1363 1355 1391 s,
1370 1351 1626 1390 mentiantur.

213 1414 234 1465 g
262 1414 311 1453 24
348 1414 472 1464 totos]
499 1417 582 1453 toto
611 1436 657 1443 —
686 1415 896 1466 accomm]
924 1416 1193 1457 accomodant.

214 1480 235 1528 ἓ
262 1481 310 1517 ,025
350 1480 515 1528 politae]
542 1481 662 1528 polite
690 1482 746 1527 (ut
765 1481 867 1519 infra
885 1481 1038 1528 adipate
1055 1484 1092 1519 et
1110 1482 1164 1519 sic
1181 1481 1353 1529 saepius)
1380 1502 1426 1507 —
1455 1480 1626 1529 minim]

351 1544 599 1592 minemeque
621 1543 705 1593 (sed
733 1556 779 1583 ex
806 1544 877 1583 litt.
904 1556 922 1582 e
949 1545 1100 1585 emend.
1128 1545 1152 1583 l.
1179 1545 1192 1583 i
1219 1544 1324 1583 facta
1350 1544 1423 1595 est)
1455 1567 1493 1572 —
1524 1547 1627 1584 tam-

351 1610 492 1659 quam]
536 1614 731 1659 tanquam
775 1611 845 1659 (sic
888 1612 973 1650 libr.
1014 1611 1183 1648 scribere
1223 1611 1336 1658 solet)
1377 1630 1421 1636 —
1462 1609 1627 1648 Graecia

352 1677 484 1713 autem
514 1707 520 1713 .
551 1707 558 1714 .
588 1707 595 1714 .
626 1706 633 1714 .
670 1675 825 1725 repud]
861 1675 990 1724 graeci
1022 1676 1156 1713 autem
1185 1704 1193 1713 .
1222 1707 1229 1714 .
1259 1707 1266 1714 .
1296 1707 1303 1714 .
1341 1674 1477 1723 repud.
1514 1673 1627 1721 (haec

351 1741 472 1779 verba
513 1742 551 1779 in
587 1753 711 1790 marg.
750 1741 801 1780 ab
836 1742 987 1789 eodem,
1026 1743 1071 1780 ut
1107 1741 1197 1787 vid.‚
1232 1740 1393 1778 librario
1428 1739 1627 1787 adscripta

352 1809 469 1853 sunt).

214 1872 235 1922 ἓ
262 1872 311 1910 26
350 1870 505 1921 ceteris]
532 1871 697 1911 caeteris
715 1893 760 1898 ——
781 1870 971 1920 Ctesiph]
996 1869 1277 1919 Cthesiphonte
1296 1891 1340 1896 —
1360 1868 1626 1919 summissius]

352 1936 545 1973 summius
581 1936 670 1985 (litt.
696 1935 751 1973 ssi
776 1937 866 1984 post
892 1935 906 1971 i
932 1936 1102 1973 insertae
1137 1934 1188 1973 ab
1219 1935 1356 1973 eodem
1383 1934 1467 1973 libr.
1496 1945 1548 1972 an
1574 1932 1627 1971 ab

353 2001 430 2038 alio
459 2001 634 2039 adiectae
661 2001 750 2048 sint,
777 2011 920 2050 parum
942 2000 1078 2049 liquet)
1108 2021 1151 2027 —
1180 1999 1337 2049 exsult]
1364 1999 1554 2039 exultauit
1579 2020 1626 2027 -

352 2065 458 2114 dira]
486 2066 596 2105 dura.

215 2129 236 2180 ξ
263 2130 310 2167 27
351 2129 534 2179 verbum]
571 2129 734 2168 uerbum
770 2151 815 2158 —
853 2129 1039 2168 Graeciae
1067 2161 1074 2168 .
1104 2160 1111 2169 .
1140 2161 1148 2168 .
1178 2161 1185 2169 .
1222 2128 1406 2178 manum]
1442 2128 1628 2167 Graeciae

354 2194 393 2231 in
420 2194 494 2232 hoc
521 2194 561 2232 in
588 2206 678 2232 eum
705 2194 794 2239 huc,
832 2206 895 2240 an,
928 2194 1018 2232 illuc
1045 2204 1209 2232 manum
1241 2214 1277 2220 -—
1309 2191 1512 2242 coepisset]
1539 2203 1628 2230 cae-

353 2259 483 2307 pisset.

217 2323 239 2373 g
266 2324 314 2361 28
715 2323 797 2373 [fol.
825 2323 889 2362 96ιβ
915 2334 999 2361 eum
1023 2322 1146 2361 solum
1171 2321 1262 2372 cet.]

216 2399 238 2448 ἓ
265 2399 313 2437 29
350 2399 486 2448 poeta]
514 2402 632 2447 poeta
659 2399 730 2448 (sic
756 2411 873 2447 saepe
899 2410 981 2438 voc.
1010 2399 1199 2447 scriptum
1226 2397 1370 2446 inven.)

217 2464 239 2513 ξ
266 2464 317 2502 30
354 2464 532 2513 quidem]
561 2464 655 2513 quid
684 2486 726 2491 -
755 2464 923 2513 proelia]
951 2464 1075 2513 prelia
1092 2485 1137 2491 —
1160 2461 1380 2511 contiones]
1407 2461 1626 2500 conciones,

217 2529 238 2578 §
265 2528 310 2567 31
353 2529 491 2577 potuit,
519 2541 573 2568 or.
601 2541 639 2569 n.
668 2531 734 2578 p.?
770 2529 884 2578 Quis]
912 2529 1065 2578 potuit?
1107 2529 1203 2575 Quis
1239 2528 1376 2577 (verba
1403 2527 1525 2565 oratio
1552 2538 1626 2564 non
