1771 2826
891 111 941 150 30

196 230 409 274 invenitur,
434 230 576 269 deinde
602 231 710 279 apud
737 231 987 278 Lambinum,
1015 232 1083 281 qui
1109 232 1213 271 idem
1242 234 1280 271 et
1304 231 1326 281 ἓ
1348 232 1373 270 5
1400 232 1450 271 ad
1477 227 1561 272 voc.
1589 243 1631 270 se

197 295 353 334 artibus
380 296 420 334 in
446 295 627 344 margine
653 295 729 342 (ed.
747 295 873 336 Paris.
901 307 937 335 a.
960 296 1068 343 1573,
1095 307 1199 345 quae
1225 307 1307 334 una
1332 296 1374 334 in
1400 307 1523 334 manu
1542 307 1630 334 mea

194 360 276 410 est)
299 361 487 399 adnotat:
513 371 557 398 se
573 359 621 398 ab
640 359 792 398 artibus
808 363 847 399 et
864 360 886 410 ξ
905 361 927 399 7
946 372 999 399 an
1017 372 1221 410 nunquam
1241 372 1362 409 quam
1383 371 1435 399 an
1452 371 1630 409 unquam

196 425 352 464 mavult
370 425 458 472 legi.
496 424 770 462 Pmesentihus
787 424 809 473 g
827 425 852 462 6
870 436 992 473 quam
1012 425 1036 463 Ι.
1055 435 1194 463 omnes
1211 425 1299 464 cdd.
1326 425 1448 474 (Eins.
1460 425 1632 473 pfitibus,

193 490 248 528 de
272 489 346 528 Gu.
373 489 408 528 2.
436 488 601 527 Peterus
628 500 760 527 errare
779 489 959 538 videtur)
985 488 1191 538 praebent,
1217 489 1370 539 primus
1391 488 1516 527 Aldus
1544 499 1632 527 mu-

198 554 300 593 tavit
334 554 376 593 in
403 553 707 602 praestantibus.
757 553 780 603 g
811 554 856 592 16
895 554 937 592 in
976 553 1161 592 omnibus
1198 554 1312 594 codd.
1348 557 1407 592 est
1446 554 1633 592 orationis

193 648 209 659 .
235 650 245 660 .
274 651 282 659 .
313 651 320 659 .
344 618 488 667 posse?
513 618 576 664 ad,
615 617 691 656 nisi
717 617 825 667 quod
855 618 1033 667 Sauppio
1059 618 1121 666 (cf.
1149 618 1229 657 ind.
1256 618 1362 657 lectt.
1390 617 1566 668 Gotting.
1595 630 1630 658 a.

201 684 298 722 1867
317 695 355 732 p.
377 684 440 731 11)
464 683 506 721 in
531 682 637 721 Eins.
666 683 812 721 oratori
838 683 1029 732 scriptum
1057 694 1141 721 esse
1163 683 1329 722 videtur.
1379 684 1506 722 Locus
1527 684 1632 722 male

195 748 369 787 traditus
404 749 467 787 ad.
489 749 565 787 hoc
600 750 760 798 tempus
796 749 1030 787 emendatus
1055 760 1137 787 non
1162 760 1246 787 esse
1270 748 1436 789 videtur.
1488 748 1631 787 Mirum

198 814 240 852 in
266 814 431 852 modum
465 814 487 863 g
514 814 565 852 20
598 816 636 852 et
664 814 748 852 Alii
776 815 879 862 (post
904 813 1098 863 conclusa)
1126 817 1165 852 et
1193 812 1249 851 Et
1269 813 1376 863 (post
1402 814 1631 863 terminata)

194 890 272 919 scr.
300 878 575 924 inveniuntur3
602 890 698 917 nam
724 879 914 917 instructa
940 879 981 917 in
1007 878 1192 916 omnibus
1218 874 1333 916 codd.
1360 880 1430 917 est.
1482 878 1631 916 Deinde

194 943 222 993 «ἓ
248 944 293 982 21
330 943 432 982 inter
456 943 525 983 hos
551 943 710 990 medius,
749 955 872 993 quam
909 944 935 982 l.
961 943 1113 982 Nonius
1138 945 1245 981 recte
1269 944 1392 981 tradit
1417 952 1489 991 pro
1514 943 1631 981 inter-

196 1008 357 1055 medius,
383 1009 423 1046 in
439 1009 534 1049 Ven.
555 1009 621 1047 alt¹
639 1010 812 1058 primum
832 1009 995 1057 legitur3
1023 1008 1128 1057 quod
1154 1008 1274 1057 paulo
1301 1007 1462 1046 inferius
1480 1008 1520 1046 in
1543 1007 1630 1047 edd.

192 1075 257 1112 est
282 1085 366 1114 voc.
387 1073 558 1122 flumine,
585 1086 633 1112 ex
659 1074 796 1113 eodem
824 1073 943 1112 Nonii
970 1073 1055 1112 loco
1082 1076 1136 1122 (p.
1155 1072 1205 1111 59
1232 1072 1344 1122 extr.)
1372 1084 1445 1121 pro
1460 1071 1631 1121 fulmine

196 1137 249 1176 ab
276 1138 425 1176 Orellio
451 1140 491 1176 et
518 1149 625 1187 seqq.
645 1139 732 1177 edd.
751 1141 951 1187 receptum
982 1140 1051 1178 est.
1094 1137 1335 1186 Corruptum
1363 1136 1472 1175 illum
1498 1136 1630 1175 locum

194 1202 220 1252 ς
238 1203 286 1241 27
305 1203 344 1240 in
371 1203 440 1241 hoc
465 1203 508 1240 in
533 1215 618 1241 eum
643 1202 716 1241 huc
741 1214 791 1239 an
819 1202 896 1251 (vel
924 1203 1061 1240 eadem
1087 1202 1149 1240 vel
1175 1202 1318 1239 similia
1344 1201 1506 1240 tradunt
1525 1202 1630 1250 cett.)

192 1267 398 1316 Sauppius
425 1268 467 1306 in
493 1267 573 1308 ind.
593 1267 697 1306 lectt.
716 1266 891 1316 Gotting.
920 1278 955 1306 a.
987 1266 1082 1305 1857
1109 1278 1145 1316 p.
1163 1266 1189 1304 4
1214 1277 1261 1305 ex
1280 1266 1434 1304 duobus
1454 1266 1549 1305 locis
1576 1267 1631 1315 (et

193 1332 465 1371 Ambrosiano
509 1335 546 1371 et
587 1331 899 1381 Augustiniano)
947 1331 1173 1370 emendavit
1214 1330 1388 1379 itemque
1430 1331 1631 1380 praeclare

196 1397 218 1448 5
247 1397 297 1436 74
320 1408 405 1437 voc.
432 1396 613 1436 maestior
638 1398 678 1437 in
705 1397 851 1436 tristior
882 1397 1051 1437 mutavit
1077 1409 1125 1437 ex
1150 1398 1237 1437 loco
1264 1397 1426 1444 Quintil.
1462 1397 1526 1447 (ct'.
1553 1397 1576 1436 l.
1604 1397 1627 1436 l.

196 1474 235 1511 p.
278 1463 352 1511 11).
417 1463 510 1502 Voc.
554 1463 743 1501 omnibus
785 1463 899 1501 terris
944 1463 965 1512 5
1008 1462 1059 1501 34
1098 1474 1280 1512 praepos.
1324 1473 1371 1500 ex
1412 1462 1628 1500 Lambinus

195 1527 349 1576 primus
376 1527 449 1575 (ed.
478 1539 514 1568 a.
546 1527 641 1566 1573
666 1539 704 1577 p.
731 1528 823 1577 592)
849 1527 1077 1566 adiunxisse
1102 1527 1268 1567 videtur.
1308 1526 1393 1577 §49
1418 1526 1630 1565 Mommse-

192 1592 284 1630 nius
319 1593 518 1631 coniunct.
552 1592 630 1630 nim·
655 1595 763 1631 recte
789 1593 953 1631 inseruit
980 1593 1183 1631 enuntiato
1221 1593 1352 1638 relat.,
1390 1604 1412 1630 e
1437 1603 1516 1641 quo
1543 1603 1628 1632 voc.

193 1667 380 1704 magmas,
418 1656 458 1694 id
499 1657 604 1705 quod
640 1656 852 1695 Pideritius
894 1657 1081 1702 affirmat,
1115 1656 1368 1694 eximendum
1404 1667 1490 1694 esse
1526 1667 1628 1704 nego

191 1719 259 1769 (cf.
288 1720 458 1770 Stanglii
485 1720 509 1759 l.
534 1721 559 1759 l.
586 1732 623 1770 p.
654 1722 727 1770 14).
771 1722 884 1768 Quae
909 1722 1023 1762 codd.
1043 1734 1181 1761 omnes
1206 1722 1371 1761 tradunt
1397 1721 1419 1770 ἕ
1445 1721 1515 1759 57:
1540 1720 1631 1759 dicit

188 1784 311 1833 plura
338 1816 346 1824 .
376 1814 384 1822 .
412 1813 422 1823 .
451 1817 458 1824 .
475 1785 615 1833 fuisse,
642 1797 689 1824 ea
715 1798 899 1835 perverse
925 1787 1124 1825 inculcata
1150 1799 1235 1825 esse
1257 1787 1436 1836 Meyerus
1454 1797 1527 1824 suo
1545 1785 1629 1823 iure

195 1849 419 1896 contendit,
459 1861 587 1899 neque
621 1850 753 1890 minus
788 1853 895 1890 recte
927 1851 1145 1890 Lambinus
1180 1851 1301 1891 verba
1337 1851 1498 1890 dicimus
1532 1850 1631 1888 illud

193 1926 272 1952 non
297 1914 425 1952 decere
442 1917 477 1952 et
492 1915 535 1952 id
560 1914 581 1963 ἓ
606 1915 653 1953 73
681 1915 745 1963 (ex
763 1927 935 1964 quorum
956 1916 1069 1954 codd.
1088 1915 1367 1962 ποῖοι-113169)
1392 1927 1414 1953 e
1431 1915 1627 1953 sententia

190 1979 351 2019 exemit.
403 1979 496 2019 Voc.
535 1979 602 2027 qui
639 1979 661 2030 ἕ
702 1979 748 2018 61
779 1991 804 2018 a
829 1979 1028 2029 Madvigio
1070 1980 1154 2019 iure
1194 1982 1288 2019 ante
1316 1979 1408 2018 haec
1437 1979 1627 2019 insertum

196 2056 443 2093 quamquam
468 2045 509 2083 in
535 2045 610 2083 hoc
636 2057 796 2094 quoque
821 2045 921 2084 libro
948 2046 1076 2093 deest,
1110 2049 1247 2084 tamen
1273 2057 1309 2085 v.
1337 2048 1443 2083 actor
1470 2047 1508 2083 et
1534 2043 1625 2082 haec

195 2108 350 2157 virgula
378 2109 629 2159 interpuncta
655 2112 759 2149 sunt.
812 2110 905 2150 Voc.
939 2114 974 2149 et
998 2111 1204 2158 suavitate,
1236 2123 1339 2162 quae
1364 2113 1454 2161 post
1479 2122 1562 2151 voc.
1590 2113 1626 2150 et

191 2174 392 2223 gravitate
418 2174 440 2224 ἕ
466 2175 516 2213 62
542 2175 686 2215 desunt
710 2177 752 2215 in
777 2177 921 2216 nostris
949 2176 1075 2224 codd,
1111 2178 1150 2215 et
1175 2177 1413 2224 Lambinus,
1451 2177 1519 2226 qui
1544 2177 1628 2225 ipse

194 2241 229 2276 et
254 2238 423 2276 ubertate
448 2242 483 2277 et
506 2239 695 2287 yravitate
722 2241 798 2290 legi
824 2241 985 2288 maluit,
1025 2242 1064 2280 in
1105 2242 1186 2280 suis
1217 2254 1310 2280 mss.
1347 2242 1403 2281 ait
1430 2240 1627 2280 invenisse

189 2306 233 2343 et
259 2303 448 2343 Gruterus
475 2316 522 2343 ex
548 2304 675 2346 Palat.
702 2306 726 2344 5
753 2306 956 2355 excerpsit.
1010 2306 1032 2356 ἓ
1058 2307 1108 2345 80
1140 2308 1285 2357 probat
1320 2306 1518 2356 Kayserus
1544 2306 1626 2356 (lib,

195 2368 347 2408 Monac.
384 2369 461 2407 vol.
495 2370 544 2407 33
580 2382 618 2419 p.
644 2370 735 2420 405)
773 2382 875 2419 quae
902 2371 1088 2410 exhibent
1114 2371 1222 2410 libri:
1270 2371 1530 2410 »translatum
1557 2372 1627 2409 aut

195 2432 345 2472 factum
367 2463 375 2472 .
396 2462 405 2472 .
425 2463 461 2474 ..
491 2436 560 2473 aut
586 2447 771 2481 novum«,
799 2436 873 2474 nisi
899 2436 1005 2485 quod
1022 2448 1104 2476 voc.
1125 2439 1193 2474 aut
1219 2439 1256 2475 et
1282 2439 1371 2485 post
1397 2436 1626 2473 translatum

195 2500 233 2536 et
259 2502 347 2546 post
373 2499 456 2545 ipso
483 2500 672 2548 scriptum
706 2501 744 2538 in
774 2504 806 2538 et
839 2502 1073 2539 mutandum
1117 2514 1199 2539 esse
1234 2501 1420 2544 affirmat,
1460 2499 1625 2537 Jahnius
