1771 2826
799 144 848 182 25

106 276 156 317 q.=
170 276 246 304 nee
256 264 304 302 id
322 266 463 303 ¹’narnen
476 263 559 313 fiet.
596 263 747 302 Deinde
763 263 1033 312 intellegi-non
1050 265 1191 313 potest,
1214 273 1289 302 cur
1305 273 1386 301 non
1400 263 1536 302 Cicero

106 330 254 382 916Ξρ-
267 328 463 378 quumvis
485 327 566 367 dici
590 327 780 377 potuerit:
807 327 959 376 *quibus
984 329 1145 377 probari
1170 328 1395 374 υοῐώαοηυε,
1428 329 1537 377 quod

106 397 169 435 ext
194 392 439 441 indutam-is,
464 392 637 431 scribere
650 392 856 431 maluerit:
880 393 1067 431 voluntas
1092 394 1162 441 (sic
1180 393 1430 431 scribendum
1453 406 1537 433 esse

109 461 215 500 recte
240 458 389 497 iudicat
400 457 569 507 Bakius),
588 468 740 504 eorum,
766 468 804 506 q.
817 468 878 507 pr.
891 456 1128 503 uidebamur,
1155 458 1264 507 quod
1288 461 1327 497 et
1353 458 1537 497 exhibent

106 526 160 564 L*
189 523 222 562 E
247 522 338 562 etrA
357 523 446 562 exh.
472 522 628 561 videtur
652 521 714 571 (G.
740 522 1006 570 uidebamus),
1030 533 1159 571 neque
1184 525 1255 569 est,
1283 523 1390 571 quod
1416 523 1438 571 ξ
1467 524 1540 561 150

106 599 200 630 eam
224 598 460 637 roepuamus
485 588 705 633 lectionem,
732 597 835 636 quae
851 590 910 626 est
926 587 968 626 in
984 587 1153 626 mutilis:
1178 586 1367 626 incondite
1377 587 1539 636 positis,-

109 664 203 695 nam
239 664 332 691 cum
357 653 452 691 ,aliis
487 652 583 690 locis
600 682 601 685 η
617 652 779 690 adverb.
807 652 883 690 inc.
908 652 1053 700 legitur
1071 654 1163 690 tum
1191 653 1232 691 in
1258 652 1337 691 Cic*
1362 653 1413 691 de
1438 656 1537 691 orat.

108 718 141 759 1,·
160 716 226 757 lu.
262 716 284 766 5
323 716 394 756 175
430 717 621 766 scriptum
660 718 739 755 est:
783 716 889 765 quod
926 716 1004 754 ine-
1027 717 1138 755 rudis
1172 717 1362 755 incondite
1399 718 1539 756 fundit.

108 782 297 822 Eiusdem
322 793 407 830 par.
434 782 545 820 initio
571 782 604 820 si
630 793 711 819 non
735 781 894 827 rectius,
930 782 969 819 id
997 782 1104 830 quod
1129 783 1287 820 credere
1313 781 1463 827 malim,
1499 785 1539 820 at

107 857 192 885 non
216 844 356 900 minus»
374 847 478 884 recte
504 843 621 892 (hanc
630 844 667 893 .?)
683 845 921 895 formulam,
960 847 1067 895 quod
1094 857 1176 884 voc.
1203 847 1327 899 est-in
1353 846 1539 884 omnibus

110 909 271 956 mutilis,
298 909 375 959 legi
402 921 523 958 quam
550 909 648 948 hanc
674 910 777 947 viam
802 910 949 960 Stegm.
986 911 1083 949 vidit
1112 912 1321 961 potuitque
1345 923 1401 950 or.
1438 912 1459 961 ς
1491 912 1540 949 36

107 977 151 1015 »εἰ
187 975 255 1020 75ς
291 975 340 1014 de
375 977 457 1024 opt.
490 987 526 1024 g.
554 986 609 1013 or.
645 973 667 1024 ἕ
698 976 742 1014 15
769 978 806 1014 et
839 976 890 1014 20
922 975 1182 1020 conferendas
1217 988 1303 1015 esse
1332 977 1538 1015 adnotare.

112 1039 313 1089 Stanglius
340 1040 398 1087 (ut
425 1039 631 1078 absolvam
666 1040 772 1079 hunc
806 1040 951 1089 locum)
993 1053 1238 1090 quamquam
1279 1044 1384 1079 recte
1420 1042 1461 1079 in
1493 1052 1541 1079 ea

111 1116 233 1157 quam
259 1116 290 1143 s.
316 1104 399 1142 dixi
421 1106 755 1144 commentatione
780 1105 833 1155 (p.
861 1106 906 1143 17
923 1105 1020 1153 seq.)
1047 1116 1131 1143 voc.
1147 1105 1271 1153 facile
1296 1105 1404 1143 nullo
1423 1109 1540 1153 pacto

113 1167 348 1207 mutandum
386 1179 471 1207 esse
509 1168 694 1214 ostendit,
733 1171 868 1208 tamen
893 1169 934 1207 in
960 1169 1130 1208 eundem
1170 1181 1287 1218 quem
1323 1169 1467 1207 Bakius
1494 1181 1540 1207 ac

111 1232 393 1271 Mommsenius
418 1232 552 1271 incidit
578 1245 763 1279 errorem,
789 1245 879 1271 cum
903 1234 1044 1282 vocab.
1069 1234 1169 1270 viam
1197 1234 1273 1281 (vel
1300 1235 1432 1282 potius
1447 1236 1542 1281 jor-

110 1296 271 1342 mulam)
309 1296 396 1335 loco
435 1297 611 1345 posuerit
647 1297 735 1337 vim.
786 1297 928 1335 Mirum
963 1299 1035 1343 est,
1074 1298 1181 1346 quod
1220 1298 1260 1335 in
1300 1297 1424 1336 altera
1459 1309 1540 1346 seq.

106 1361 303 1400 enuntiati
337 1364 450 1410 parte
485 1362 537 1400 ab
573 1362 689 1400 huius
724 1363 869 1401 codicis
902 1363 1046 1412 partim
1083 1364 1207 1412 antiq.
1242 1375 1367 1402 manu
1393 1364 1540 1413 partim

112 1427 256 1464 recent·
289 1425 404 1464 lectio
439 1428 483 1464 ut
517 1424 715 1475 nusquam
741 1428 911 1476 reperta,
949 1427 1006 1466 ita
1032 1438 1113 1466 non
1140 1429 1272 1467 minus
1299 1440 1393 1467 vera
1419 1440 1541 1477 quam

106 1492 330 1529 ceterorum
366 1491 478 1529 codd.
515 1491 747 1540 praebetur:
787 1503 853 1529 uec
892 1520 902 1529 .
930 1520 940 1530 .
968 1523 977 1533 .
1014 1491 1145 1540 efficiet
1171 1493 1262 1539 (Eri.
1289 1496 1331 1530 ut
1356 1505 1421 1530 nec
1460 1525 1467 1532 .
1498 1526 1504 1532 .
1534 1526 1541 1534 .

113 1555 262 1605 efficiat,
288 1556 348 1594 ed.
374 1556 468 1595 Ven.
497 1556 532 1596 2.
558 1568 624 1594 nec
661 1587 669 1596 .
697 1586 708 1595 .
734 1588 743 1596 .
785 1552 934 1605 efficiat,
960 1557 1020 1595 ed.
1046 1556 1146 1596 Med.
1173 1568 1219 1594 ne
1259 1589 1267 1597 .
1295 1586 1306 1596 .
1332 1586 1342 1597 .
1381 1557 1542 1606 efficiet).

113 1619 157 1658 In
183 1622 335 1668 eodem,
361 1621 402 1660 ni
426 1620 553 1668 fallor,
579 1633 744 1660 numero
771 1624 829 1660 est
854 1622 918 1660 ille
944 1621 1052 1660 locus
1078 1621 1101 1671 ἓ
1130 1622 1212 1668 146,
1239 1622 1289 1661 de
1315 1634 1394 1671 quo
1420 1635 1543 1671 supra

107 1683 321 1733 disputavi.
373 1685 417 1723 In
444 1685 659 1735 archetypo
686 1686 790 1724 enim
821 1686 1066 1734 integrorum
1097 1698 1177 1724 non
1214 1686 1335 1725 fuisse
1371 1687 1543 1725 videtur:

113 1747 320 1787 didicisse?
371 1749 474 1798 Quid
498 1753 580 1788 erat
605 1761 673 1788 cur
691 1762 773 1799 pr„
813 1750 903 1792 sed:
942 1749 1118 1788 didicisse
1144 1750 1245 1799 quod
1268 1754 1351 1789 erat
1377 1763 1445 1790 cur
1465 1764 1543 1800 pr„

112 1824 236 1862 quam
274 1814 482 1853 lectionem
521 1827 603 1854 non
641 1816 773 1853 minus
809 1826 945 1854 veram
985 1827 1069 1854 esse
1103 1818 1272 1864 apparet
1307 1828 1427 1865 quam
1456 1828 1546 1854 mu-

112 1877 298 1917 tilorum:
318 1878 493 1917 didicisse
510 1879 611 1927 quod
620 1891 685 1927 pr.
725 1879 861 1928 Neque
887 1882 1020 1918 autem
1038 1882 1109 1925 est,
1136 1891 1206 1918 cur
1234 1892 1317 1919 voc.
1336 1881 1547 1928 impensius

115 1941 137 1990 ἓ
155 1943 225 1981 172
244 1955 268 1981 a
285 1944 433 1997 mutilis
459 1945 682 1993 praebitum
709 1957 874 1994 prorsus
889 1948 1113 1994 respuatur.
1155 1946 1259 1985 Nam
1278 1946 1416 1984 eadem
1444 1958 1546 1994 quae

115 2005 179 2045 hic
198 1997 443 2058 desideretur
455 2009 649 2048 sententia
666 2013 900 2059 usurpatum
920 2009 1120 2048 invenitur
1138 2021 1223 2050 voc.
1236 2021 1327 2049 cum
1347 2010 1433 2049 aliis
1451 2010 1546 2049 locis

112 2072 200 2111 tum
215 2074 322 2123 apud
336 2073 489 2113 Livium
509 2074 537 2121 Ι,
562 2075 624 2121 40,
651 2075 695 2120 23
722 2074 784 2121 IV,
801 2075 862 2120 4-6,
889 2075 924 2114 2.
944 2074 966 2124 ἓ
989 2075 1060 2113 189
1075 2077 1114 2114 et
1129 2075 1232 2123 quod
1245 2075 1476 2114 vehementer
1494 2078 1552 2119 est.

117 2133 293 2184 vitiosum
312 2137 439 2183 (codd.
458 2138 544 2187 int.)
571 2141 608 2177 et
626 2141 679 2176 est
702 2138 745 2176 id
768 2138 1000 2176 vehementer
1024 2138 1203 2178 vitiosum
1226 2140 1354 2189 (codd.
1382 2141 1494 2187 mut.)
1523 2151 1548 2177 a

114 2197 303 2241 Cicerone
329 2202 520 2251 scriptum
547 2215 632 2241 esse
657 2215 773 2253 posse
806 2207 917 2254 patet
939 2204 979 2242 in
1003 2207 1191 2254 promptu
1223 2216 1300 2254 que
1323 2208 1395 2250 est,
1420 2215 1548 2252 neque

114 2273 358 2318 quemquam
387 2267 511 2315 fugiet
536 2267 557 2316 9
584 2267 659 2306 234
685 2279 766 2306 non
791 2268 923 2316 minus
940 2271 1044 2307 recte
1070 2280 1095 2307 a
1121 2269 1268 2307 mutilis
1295 2268 1488 2307 exhiberi:
1516 2268 1548 2305 si

119 2337 226 2374 quem
245 2359 254 2370 .
282 2361 291 2371 .
318 2360 329 2370 .
354 2334 537 2380 sequatur
562 2343 683 2381 quam
710 2332 763 2372 ab
788 2333 971 2382 integris:
998 2334 1030 2372 si
1052 2346 1173 2381 quos.
1203 2362 1211 2372 .
1240 2366 1249 2373 .
1275 2335 1499 2381 sequantur.

243 2408 314 2448 His
349 2410 445 2450 locis
479 2422 560 2450 non
593 2412 711 2461 pauci
745 2414 913 2462 possunt
947 2412 1040 2451 addi
1064 2414 1106 2451 et
1132 2412 1306 2451 eiusdem
1333 2412 1486 2461 generis
1512 2414 1550 2451 et

113 2469 276 2521 similis,
315 2475 356 2514 in
393 2487 472 2524 quo
500 2487 673 2516 'numero
708 2479 801 2516 sunt
833 2478 889 2524 ei,
925 2477 993 2516 ubi
1019 2478 1147 2518 mutil.
1173 2490 1267 2527 pars
1292 2488 1382 2516 cum
1409 2478 1549 2527 integr.

115 2538 233 2581 parte
257 2540 464 2587 consentit,
491 2543 536 2579 ut
563 2543 600 2579 et
624 2541 646 2590 ἕ
677 2542 748 2580 116
773 2544 910 2580 utrum
936 2542 1107 2580 involuta
1138 2542 1253 2591 (mut.
1278 2542 1383 2580 Eins.
1410 2542 1484 2580 Vit.
1517 2543 1550 2589 Β)
