1771 2826
816 174 861 214 21

72 282 79 286 ’
127 299 216 336 mm
232 294 429 333 brevia-ria
446 294 622 336 orafioni·
640 292 804 339 addidit,
828 297 966 334 tamen
984 291 1022 333 et
1036 295 1079 333 in
1093 294 1261 333 editione
1273 294 1553 333 Mediolanensi

129 357 182 400 d]
196 359 295 398 1490
317 358 358 396 et
382 359 423 396 in
437 358 588 397 'ceteris
622 357 719 396 ante
752 356 898 398 librum
924 370 949 397 a
974 358 1116 397 Petet-o
1139 356 1180 396 et
1206 358 1377 396 Wellero
1402 357 1553 397 editum

128 421 293 474 legitur„
333 422 379 461 1n
414 421 437 472 ς
465 422 699 461 190wmutili
733 432 884 469 omneS,
921 425 968 462 ut
993 423 1164 470 videtur,
1197 423 1263 473 (de
1287 422 1445 463 Abrinc.
1472 435 1555 462 non

129 486 261 528 Habeo
274 487 379 536 quid
404 486 623 536 proferam)
639 496 783 526 ‘veram
799 488 1003 537 'praebent
1025 484 1404 526 v'ooabuli'formam
1427 488 1555 536 inqui-

129 554 233 591 rente
249 551 463 598 tradentes,
489 552 531 589 in
548 551 890 591 omnibus-contra
911 552 1090 601 integris,
1115 549 1190 590 nisi
1205 552 1332 599 fallor,
1358 552 1556 591 invenitur

128 616 356 665 inquirenti,
394 616 501 664 quod
538 626 621 655 voe.
660 616 778 665 primi
815 616 951 665 Steph.
987 616 1026 655 et
1054 614 1193 658 Lamb.
1233 617 1554 654 emendaverunt.

130 680 245 719 Initio
271 679 293 728 ἐ
320 678 395 717 232
428 690 531 727 quae
564 679 748 728 leguntur
779 681 820 718 in
845 670 1007 729 integi-is
1041 680 1257 728 compositio
1293 697 1339 707 ——
1374 679 1558 718 dissolvat

129 744 331 796 (dissolvet
348 742 490 793 Gu.·1.)
516 746 703 793 corrupta
728 756 814 783 esse
838 756 957 783 nemo
983 756 1064 784 non
1090 744 1293 793 intellegit,
1319 744 1449 782 mutili
1462 756 1556 782 vera

130 820 271 857 omnes
296 808 395 857 (nisi
430 807 537 856 quod
570 808 619 845 de
652 808 812 861 Abrinc.
837 820 919 847 non
945 808 1082 858 liquet)
1117 808 1324 855 exhibent:
1361 808 1556 855 compositi

131 895 182 906 --
202 871 394 911 dissolvas
402 885 414 918 ;
440 872 481 910 id
506 884 629 911 unum
657 873 802 911 mirum
826 877 897 918 -est,
923 873 1030 923 quod
1055 873 1145 920 Eri„
1171 874 1211 911 in
1238 884 1317 922 quo
1343 873 1445 911 infra
1471 873 1553 910 solo

130 938 307 987 (Abrinc.
344 937 380 986 ἓ)
418 940 681 985 corrumpetur
704 937 857 986 legitur,
896 938 1054 978 exhibet
1088 950 1172 978 voc.
1212 937 1403 977 dissolves.
1454 937 1555 976 Male

132 1003 229 1042 illud
262 1002 289 1051 θ
313 1002 388 1040 233
414 1002 454 1040 in
493 1002 676 1041 omnibus
710 1003 782 1042 int.
815 1003 1053 1042 inculcatum
1088 1015 1172 1043 voc.
1199 1003 1281 1041 licet
1307 1003 1347 1042 in
1373 1003 1479 1041 nullo
1507 1014 1555 1040 ex

133 1067 282 1107 mutilis
315 1067 468 1107 collatis
493 1067 702 1107 invenitur.
753 1067 809 1106 De
834 1068 1000 1107 lectione
1025 1068 1148 1117 §.235
1181 1068 1369 1115 reperiam
1406 1067 1488 1115 ipse
1512 1070 1557 1106 ut

133 1134 238 1171 recte
263 1131 449 1170 iudicavit
475 1131 635 1180 Stegm.,
670 1132 745 1170 nisi
777 1133 894 1181 quod,
929 1144 1049 1181 quam
1087 1133 1212 1174 facete
1237 1144 1279 1171 se
1304 1132 1435 1181 ipsum
1460 1131 1557 1170 illud

134 1196 370 1245 scriptorum
398 1207 521 1244 genus
548 1196 920 1245 circumspecturum
940 1196 1074 1236 Cicero
1101 1197 1255 1243 dixerit,
1280 1196 1556 1246 exponendum

131 1260 219 1307 fuit,
244 1261 300 1299 ita
326 1261 367 1299 in
393 1273 440 1299 eo
467 1262 624 1308 erravit,
651 1262 757 1311 quod
775 1274 863 1301 eam
879 1262 979 1301 Gud.
997 1263 1071 1301 soli
1089 1263 1279 1307 attribuit,
1305 1274 1398 1301 nam
1418 1262 1557 1301 eadem

133 1324 255 1363 verba
279 1328 372 1364 sunt
397 1326 438 1363 in
463 1326 539 1364 Erl.
568 1325 622 1374 (et
647 1326 697 1364 in·
712 1326 829 1366 Laur.
854 1327 1037 1375 leguntur
1061 1329 1100 1365 et
1125 1327 1221 1375 quin
1239 1327 1280 1364 in
1293 1326 1451 1366 Abrinc.
1478 1327 1556 1365 sint

121 1400 216 1444 *non
241 1389 408 1440 dubito).
460 1390 505 1429 In
527 1392 704 1431 extrema
721 1391 889 1442 denique
905 1390 930 1441 ὃ
945 1392 1020 1431 236
1047 1391 1159 1440 Gud.,
1186 1392 1274 1442 Eri„
1300 1392 1417 1432 Laur.
1443 1392 1496 1442 pl.
1507 1392 1558 1432 50

133 1455 220 1494 cod.
239 1455 289 1494 33
315 1455 380 1506 (L1
400 1456 537 1495 sectari
550 1468 630 1496 una
643 1456 775 1495 littera
786 1457 950 1506 omissa)
977 1457 1162 1496 exhibent
1179 1457 1386 1496 lectionem
1402 1469 1557 1496 veram:

133 1520 297 1568 spectari
321 1524 391 1559 aut
415 1521 554 1567 audiri,
580 1522 622 1560 in
648 1522 807 1570 integris
834 1522 894 1560 vel
920 1522 1130 1571 exspectari
1155 1522 1360 1571 (expectari
1379 1523 1471 1571 vit.)
1497 1522 1557 1561 vel

131 1587 347 1632 exspectare
373 1586 583 1634 (eoepectare
608 1588 676 1623 aut
702 1585 837 1623 audire
857 1586 940 1636 Dr.)
967 1587 1027 1625 vel
1052 1589 1222 1635 spectare
1248 1587 1456 1625 invenitur.

258 1664 367 1703 Haec
385 1668 422 1704 et
440 1666 518 1704 alia
535 1668 628 1705 sunt
646 1666 829 1705 addenda
847 1666 914 1712 eis,
940 1677 1042 1715 quae
1059 1669 1098 1705 et
1117 1666 1313 1716 Kayserus
1329 1667 1369 1705 in
1387 1666 1442 1704 eis
1460 1677 1559 1715 quos

132 1740 255 1777 supra
272 1731 579 1768 commemoravi
599 1730 738 1769 libellis
755 1730 906 1769 Monac.
920 1733 960 1768 et
972 1730 1254 1778 Stegmannius
1271 1731 1313 1768 in
1333 1730 1398 1768 illa
1418 1731 1559 1769 disser-

133 1793 284 1834 tatione
303 1794 526 1844 inaugurali
552 1795 863 1845 disputaverunt,
889 1795 1044 1833 omissis
1062 1794 1117 1833 eis
1132 1794 1240 1840 locis,
1265 1794 1335 1833 ubi
1352 1795 1479 1833 mutili
1498 1795 1561 1833 vel

133 1869 226 1896 cum
239 1870 321 1897 uno
335 1860 469 1908 aliquo
483 1860 542 1899 vel
554 1872 642 1899 cum
655 1860 922 1910 compluribus
932 1861 980 1897 e'x
993 1860 1154 1908 integris
1168 1861 1457 1899 consentientes
1467 1871 1560 1898 vera

135 1922 344 1971 praebent:
358 1935 526 1973 quorum
538 1925 570 1962 si
580 1924 767 1964 haberem
777 1925 984 1971 rationem,
996 1924 1060 1962 vix
1070 1924 1200 1963 facere
1209 1926 1389 1973 poteram
1400 1935 1562 1962 enume-

135 1989 250 2027 randi
268 1989 400 2029 finem.
441 1990 498 2029 Ex
516 2002 562 2027 eo
580 1990 745 2028 efficitur
757 1989 958 2038 Meyerum
976 1992 1015 2028 et
1028 1988 1231 2035 Orellium,
1253 2000 1355 2026 >non
1369 1989 1561 2026 audentes

136 2052 217 2091 fere
227 2054 443 2102 quidquam
458 2054 631 2103 recipere
643 2065 692 2092 ex
704 2054 818 2091 codd.
827 2053 987 2099 mutilis,
1000 2064 1125 2102 quum
1136 2053 1293 2101 singula
1304 2064 1427 2102 prope
1440 2052 1561 2090 verba

137 2116 335 2156 Ciceronis
348 2121 418 2157 aut
433 2119 551 2167 plane
569 2130 754 2167 perversa
768 2118 838 2157 aut
859 2118 907 2157 de
931 2117 1127 2163 industria
1145 2119 1301 2156 mutata
1318 2117 1562 2163 videantur«,

136 2182 267 2221 minus
301 2186 408 2222 reete
440 2183 644 2229 iudicasse,
683 2182 773 2228 sed,
812 2182 996 2233 quamvis
1032 2194 1115 2221 non
1151 2182 1288 2232 paucis
1327 2181 1421 2220 locis
1460 2193 1563 2231 quae
1616 2190 1619 2193 ·

136 2247 401 2286 exhibeantur
417 2260 441 2286 a
459 2248 572 2287 codd.
591 2248 738 2286 mutilis
756 2250 942 2296 corrupta
959 2248 1049 2292 sint,
1075 2250 1211 2285 tamen
1227 2247 1295 2284 ubi
1315 2247 1368 2284 ita
1394 2247 1496 2284 inter
1521 2257 1563 2283 se

137 2310 371 2351 dissentiant
394 2313 598 2361 utriusque
625 2312 777 2361 generis
803 2312 966 2357 codices,
997 2315 1042 2350 ut
1067 2314 1235 2360 utraque
1260 2310 1374 2349 lectio
1399 2312 1437 2349 et
1463 2310 1563 2348 inte-

138 2387 308 2425 grorum
326 2380 365 2416 et
389 2377 622 2415 mutilorum
647 2377 771 2427 possit
795 2376 973 2423 tolerari,
1008 2388 1089 2415 non
1128 2375 1386 2414 involandum
1413 2386 1497 2413 esse
1522 2375 1564 2413 in

138 2448 186 2479 ea
211 2453 315 2491 quae
339 2442 393 2480 illi
417 2442 621 2491 praebent,
648 2443 717 2482 vsed
740 2442 821 2481 vim
848 2442 1094 2492 singularum
1120 2442 1344 2487 lectionum,
1379 2441 1460 2479 sive
1487 2441 1565 2479 sint

137 2507 251 2547 codd.
270 2509 515 2557 integrorum
532 2508 613 2546 sive
638 2507 882 2555 mutilorum,
910 2510 949 2546 et
974 2507 1026 2546 ad
1052 2508 1283 2546 contextum
1309 2506 1500 2545 orationis
1526 2509 1565 2544 et

138 2573 405 2613 adscribendi
422 2572 751 2611 consuetudinem
770 2572 997 2611 Tullianam
1016 2583 1100 2610 esse
1116 2571 1392 2610 revocandam.
1429 2570 1564 2619 Neque
