1771 2826
914 130 962 168 34

220 251 371 289 65—70
397 250 673 288 memorabiles
700 261 791 288 cum
818 250 962 289 eisdem
990 252 1211 288 ceterorum
1237 248 1347 288 codd.
1376 246 1505 286 adhuc
1531 244 1649 284 colla-

218 319 351 354 torum
380 327 536 364 paragr.
564 326 816 363 componam.

221 398 309 446 §65
338 397 386 434 L3
413 396 692 444 distinguenda
711 396 924 435 similitudo
967 396 997 434 E
1023 394 1300 443 distinguenda
1335 391 1546 430 similitudo
1572 390 1604 428 V
1627 389 1661 427 D

222 526 271 564 143
298 526 513 564 concinnas

222 654 273 692 L³
300 666 420 702 quam

222 783 273 821 L³
300 795 418 832 saepe

222 848 274 886 L³
298 847 541 886 transferunt

222 976 273 1013 L³
299 977 534 1014 varietatem
561 976 737 1013 colorum

223 1104 273 1142 L³
300 1104 606 1152 saepissimeque

225 1232 246 1281 ξ
273 1232 322 1269 66
348 1231 399 1269 L³
424 1232 630 1270 conciones

225 1359 276 1397 L³
300 1361 431 1398 tracta

224 1425 276 1462 L³
303 1425 424 1463 etiam

225 1489 276 1525 L3
301 1500 379 1537 quo

225 1552 275 1590 L³
302 1553 503 1592 differrent

225 1681 247 1730 ξ
275 1682 323 1719 67
350 1681 400 1719 L3
427 1681 568 1720 dicitur

227 1809 276 1847 ¹⁴³
304 1810 409 1858 quod
436 1810 635 1848 incitatius

225 2004 276 2041 Ι43
304 2015 447 2052 poema

226 2066 277 2104 L3
303 2067 409 2115 quod

226 2131 278 2169 L³
305 2131 411 2179 quod
439 2131 631 2180 (virtutes)

227 2196 249 2245 g
276 2196 325 2234 68
351 2195 400 2233 L3
427 2198 570 2235 ornata

227 2326 277 2364 L3
304 2326 579 2365 nonnullorum
606 2327 800 2376 voluptati

227 2455 278 2492 L³
305 2456 520 2493 inserviunt

1017 460 1050 497 G
1077 460 1100 497 2
1126 460 1165 497 it.
1194 458 1225 496 G
1255 459 1271 496 1
1301 456 1573 496 dissimilitudo

969 525 998 563 E
1034 524 1246 563 concinnas
1283 522 1316 559 V
1355 520 1594 560 concinnans
1628 518 1661 556 D

1017 589 1050 627 G
1080 591 1110 627 1.
1138 589 1161 626 2
1187 588 1399 626 concinnas

968 654 997 691 Ε
1024 665 1143 702 quam
1171 652 1250 689 VD
1277 651 1308 689 G
1336 651 1359 688 2
1386 651 1424 688 it.
1463 649 1495 687 G
1526 649 1542 686 1
1573 659 1663 695 quo-

1017 719 1125 757 modo

968 784 998 822 E
1024 795 1142 832 saepe
1168 782 1247 819 VD
1274 780 1306 819 G
1337 781 1353 818 1
1383 779 1423 818 it.
1451 777 1481 816 G
1510 778 1533 815 2
1559 789 1597 814 se

966 849 995 886 E
1022 848 1265 886 transferunt
1298 845 1376 882 VD
1405 843 1437 882 G
1467 844 1483 881 1
1514 843 1554 881 it.
1582 842 1614 881 G
1641 842 1665 879 2

1017 911 1311 950 transferuntur
1676 899 1680 901 “

969 978 998 1014 Ε
1024 976 1233 1013 varietates
1258 975 1403 1012 colores
1429 972 1460 1009 V
1479 973 1512 1010 D
1540 971 1572 1009 G
1594 972 1624 1009 1.
1643 971 1667 1008 2

1016 1040 1250 1078 varietatem
1277 1037 1454 1076 colorum

970 1106 999 1143 E
1026 1104 1333 1153 saepissimeque
1371 1102 1404 1139 V
1440 1101 1668 1150 saepissime

1004 1169 1097 1218 (om.
1109 1167 1194 1216 que)
1206 1167 1238 1204 D
1249 1166 1281 1205 G
1291 1168 1322 1204 1.
1332 1167 1355 1204 2
1365 1167 1669 1215 saepissimeque

971 1234 1000 1271 E
1035 1233 1243 1271 conciones
1278 1232 1311 1268 V
1345 1230 1610 1269 contentiones
1635 1230 1669 1268 D

1022 1297 1054 1335 G
1085 1298 1116 1335 1.
1144 1297 1167 1333 2
1193 1295 1398 1333 conciones

974 1362 1003 1400 Ε
1020 1362 1149 1400 tracta
1167 1360 1199 1398 V
1214 1360 1246 1399 D
1265 1358 1297 1398 G
1314 1359 1337 1397 2
1355 1359 1397 1397 it.
1414 1358 1446 1397 G
1464 1359 1480 1397 1
1500 1360 1668 1397 tractata

973 1426 1002 1464 E
1029 1426 1148 1464 etiam
1179 1425 1207 1462 V
1234 1427 1268 1462 et
1294 1424 1326 1461 D
1353 1423 1385 1462 G
1415 1425 1446 1461 1.
1473 1424 1496 1461 2
1523 1424 1642 1462 etiam

974 1492 1003 1528 E
1031 1502 1111 1538 quo
1138 1490 1171 1526 V
1197 1490 1238 1529 it.
1265 1489 1297 1526 D
1325 1488 1357 1526 G
1387 1489 1418 1526 1.
1445 1489 1469 1526 2
1495 1488 1595 1535 quod

949 1556 1003 1619 ΙΕ
1038 1554 1238 1593 differrent
1274 1554 1307 1591 V
1333 1553 1366 1591 D
1393 1552 1426 1591 G
1454 1553 1470 1590 1
1510 1553 1548 1592 it.
1586 1551 1617 1590 G
1645 1552 1668 1590 2

1020 1619 1249 1657 dissererent

971 1683 1000 1722 E
1027 1683 1169 1722 dicitur
1193 1682 1225 1720 V
1244 1683 1277 1720 D
1304 1681 1336 1720 G
1362 1681 1385 1719 2
1419 1681 1458 1721 it.
1495 1681 1523 1720 G
1558 1682 1573 1719 1
1604 1693 1668 1720 vo-

946 1764 948 1778 ι
1021 1752 1131 1786 catur

972 1814 1001 1851 E
1028 1813 1133 1861 quod
1166 1811 1364 1850 incitatius
1400 1810 1432 1848 V
1458 1810 1499 1850 it.
1527 1810 1559 1848 D
1586 1809 1618 1849 G
1647 1811 1664 1848 1

1021 1878 1128 1926 quod
1164 1876 1349 1917 incitatus
1380 1874 1412 1913 G
1439 1875 1462 1912 2
1488 1874 1582 1923 quid
1609 1875 1669 1913 in-

1021 1942 1151 1980 citatis

947 1984 1285 2054 ¹EpoemaVG
1315 2005 1331 2042 1
1361 2004 1669 2052 it.DG2pena

972 2070 1002 2108 E
1028 2070 1134 2118 quod
1152 2069 1184 2109 V
1203 2068 1355 2117 quidem
1371 2068 1404 2105 D
1422 2068 1455 2105 G
1476 2069 1506 2106 1.
1521 2068 1544 2105 2
1563 2069 1669 2116 quod

976 2135 1006 2172 E
1033 2146 1105 2182 quo
1132 2134 1164 2170 V
1191 2133 1224 2172 D
1251 2132 1283 2171 G
1313 2133 1344 2171 1.
1371 2133 1394 2171 2
1421 2133 1527 2181 quod

948 2244 950 2248 μ
972 2199 1002 2237 Ε
1029 2200 1168 2237 ornata
1195 2199 1226 2236 V
1246 2198 1278 2235 D
1296 2197 1329 2236 G
1359 2199 1375 2236 1
1405 2198 1446 2237 it.
1474 2197 1505 2236 G
1523 2197 1547 2236 2
1574 2198 1667 2247 (om.

948 2263 949 2271 ¹
1022 2265 1173 2310 ornata)

971 2328 1000 2367 E
1027 2327 1304 2366 nonnullorum
1339 2327 1533 2365 voluntati
1571 2328 1602 2365 V
1636 2328 1669 2366 D

1021 2392 1053 2431 G
1084 2393 1115 2432 1.
1138 2392 1161 2430 2
1189 2392 1229 2432 it.

947 2455 1001 2505 Ε
1036 2456 1253 2494 inserviunt
1291 2457 1320 2493 V
1356 2456 1387 2493 D
1426 2457 1466 2495 it.
1500 2457 1531 2495 G
1562 2458 1593 2497 1.
1621 2458 1645 2495 2

946 2522 948 2556 ἓ
1022 2522 1235 2560 inserviant
