1771 2826
849 131 872 168 9

141 249 316 289 sacietati
336 249 373 299 (ἓ
393 249 492 299 174);
519 252 707 299 sequutus
734 250 772 300 (ς
797 251 879 297 174,
903 251 971 290 sed
994 251 1180 289 secuntur
1196 250 1218 300 ἓ
1235 250 1336 298 23Ξ);
1363 253 1570 300 expectant

142 314 180 364 (5
210 315 317 364 168),
352 317 554 353 execretur
587 315 623 364 (ἓ
654 315 736 361 138,
768 316 850 354 sed
864 315 1157 364 exspectatione
1196 314 1218 364 ἓ
1249 315 1318 353 107
1344 318 1383 353 et
1407 316 1461 354 sic
1487 316 1570 364 ple-

140 378 336 427 rumque).
388 378 686 428 Nonnunquam
713 379 879 429 simplex
904 379 980 420 litt.
1009 390 1233 418 consonans
1260 379 1388 428 posita
1413 382 1470 418 est
1496 391 1568 428 pro

142 443 287 492 duplici
313 446 384 483 aut
408 445 515 493 dupl.
540 456 613 494 pro
640 445 790 494 simpl.:
815 447 998 494 opportet
1026 444 1062 494 (ἓ
1085 444 1168 489 139,
1196 444 1295 493 158),
1321 455 1569 483 summamus

143 508 180 559 <g
209 508 308 559 133),
334 509 601 550 colocatorum
628 509 668 561 (ἓ
697 510 804 560 134),
831 510 912 549 imo
939 509 977 561 (ᾖ
1008 510 1106 559 164).
1145 508 1319 548 Nomina
1344 510 1506 559 propria
1532 513 1571 549 et

141 574 281 615 vocab.
307 587 468 623 graeca,
496 588 598 625 quae
624 578 676 616 ad
698 589 821 616 unum
841 578 976 616 omnia
994 577 1127 616 latinis
1146 577 1284 616 litteris
1303 576 1448 626 scripta
1465 579 1570 622 sunt,

143 639 248 678 male
272 639 379 678 haud
406 652 498 679 raro
524 643 680 680 mutata
713 644 827 680 sunt:
861 648 1024 690 pomam
1059 641 1097 691 (ξ)
1127 642 1197 682 105
1224 653 1296 690 pro
1332 641 1571 691 Pammene),

142 704 281 750 Lisiae‚
295 704 485 753 Leptitem
506 704 543 754 (ἓ
563 706 634 743 110
645 717 718 754 pro
731 706 961 755 Leptinem),
980 705 1148 754 Crisippi
1162 705 1201 755 (ξ
1218 705 1316 755 115),
1335 706 1570 755 ,leronymus

143 769 231 818 (pro
258 768 369 808 Hier.
396 769 418 818 ξ]
447 770 552 817 190),
592 771 743 819 pirrum
780 771 817 821 (ἓ
855 771 963 821 160);
998 772 1410 820 perypatheticorum,
1449 771 1572 820 phisi-

142 844 293 880 corum,
327 833 509 873 carather
547 836 634 884 (pro
663 833 875 889 χαρακτήρ
902 836 925 886 g
955 836 1061 886 134),
1102 836 1261 875 heticon
1299 836 1387 885 (pro
1426 833 1570 887 ἠθικόν

144 898 166 948 5
195 899 292 947 128).
345 899 507 948 Syllaba
541 900 760 938 terminalis
786 900 820 938 is
852 901 941 950 (pro
968 913 1007 939 es
1034 911 1113 941 ace.
1141 901 1211 949 pl..)
1245 912 1326 939 non
1362 901 1569 945 invenitur,

143 963 213 1001 sed
230 963 271 1001 in
289 963 426 1003 vocab.
455 975 605 1011 omnes,
632 967 746 1011 artes,
774 976 901 1013 aures,
929 966 1067 1014 quales
1093 965 1177 1015 syll.
1204 976 1244 1003 es
1269 977 1387 1014 saepe
1405 977 1430 1003 a
1448 976 1571 1003 manu

143 1031 284 1068 recent.
313 1029 353 1067 in
378 1029 414 1067 is
439 1032 594 1068 mutata
620 1032 690 1070 est.
729 1030 807 1069 Pro
832 1043 947 1079 pron.
974 1031 1028 1069 eis
1053 1042 1134 1069 non
1160 1043 1251 1069 raro
1278 1031 1339 1069 vel
1365 1030 1425 1068 his
1450 1030 1511 1068 vel
1537 1030 1572 1067 is

143 1092 303 1141 legitur,
340 1093 467 1132 isdem
501 1105 574 1143 pro
611 1094 767 1132 eisdem.
832 1094 1078 1144 Praepositio
1115 1095 1156 1132 in
1183 1097 1465 1133 consonantem
1499 1094 1570 1133 litt.

141 1158 360 1197 terminans
386 1158 455 1197 ubi
482 1160 679 1198 concurrit
705 1171 795 1198 cum
823 1160 942 1199 verbo
970 1173 995 1199 a
1021 1172 1189 1200 conson.
1217 1161 1438 1209 incipiente,
1474 1160 1572 1198 assi-

144 1222 348 1261 milatione
366 1223 423 1273 ita
446 1224 569 1262 utitur
585 1224 781 1271 librarius,
799 1227 843 1263 ut
861 1237 1015 1274 semper
1033 1224 1198 1263 scribat:
1225 1225 1377 1270 afferre,
1404 1224 1571 1270 afficere,

145 1288 365 1335 affirmare,
401 1288 593 1337 arripere,
630 1289 880 1338 arrogantia,
908 1290 1084 1338 assequi,
1111 1301 1357 1336 asseverare,
1385 1289 1571 1335 assidere,

143 1366 344 1392 assumere
370 1354 594 1404 (adsumere
620 1355 642 1404 §
672 1355 741 1392 113
751 1355 798 1403 P).
826 1376 874 1382 -—

268 1428 505 1478 Priusquam
532 1432 685 1476 autem,
721 1430 847 1479 qualis
879 1430 929 1469 sit
959 1430 1077 1468 huius
1104 1430 1318 1479 fragmenti
1345 1432 1490 1468 natura
1518 1430 1568 1467 ad

144 1493 335 1543 cuiusque
366 1506 413 1532 ex
439 1493 639 1533 codicibus
675 1495 823 1533 mutilis
859 1495 1038 1544 proxime
1073 1496 1235 1535 accedat
1260 1495 1572 1541 similitudinem,

145 1559 417 1605 ostendamus,
450 1559 516 1608 qui
543 1561 581 1598 et
607 1559 743 1608 quales
770 1560 847 1598 sint
874 1559 1050 1599 Oratoris
1086 1560 1215 1598 mutili
1240 1560 1394 1599 codices
1421 1561 1458 1598 et
1486 1560 1569 1598 noti

144 1626 183 1662 et
209 1624 360 1671 collati,
387 1624 603 1664 videamus.

270 1695 311 1744 a)
338 1694 504 1734 Codex
529 1694 883 1742 Abrincensis,
918 1695 1027 1733 cuius
1062 1694 1231 1741 saeculo,
1267 1695 1299 1733 si
1331 1694 1453 1733 doctis
1480 1694 1573 1732 viris

144 1759 330 1799 habenda
372 1763 430 1799 est
472 1760 589 1807 fides,
631 1772 737 1799 nono
780 1760 913 1810 scripti
956 1760 1140 1799 lectiones
1183 1760 1572 1799 Ravaissonius

144 1825 309 1873 protulit
333 1825 484 1873 primus
523 1837 629 1863 anno
658 1826 750 1864 1841
780 1826 915 1864 addita
940 1826 1012 1864 ad:
1064 1826 1287 1874 ›Rapports
1316 1837 1368 1863 au
1396 1826 1575 1864 ministre

144 1889 194 1929 de
210 1890 469 1930 l‘instruction
495 1891 683 1941 publique
709 1903 776 1930 sur
802 1892 856 1930 les
882 1891 1171 1941 bibliotheques
1188 1892 1257 1930 des
1277 1891 1570 1941 departements

145 1956 194 1994 de
219 1955 403 1996 l‘Ouest.‹
457 1957 594 2006 Neque
631 1960 766 1996 tamen
804 1957 856 1995 ab
895 1958 961 1995 illo
1001 1958 1086 2006 ipso
1127 1958 1190 1995 hic
1230 1957 1354 1996 codex
1394 1957 1572 1994 omnium

145 2021 442 2070 antiquissimus
477 2022 642 2061 collatus
677 2023 760 2070 est,
809 2023 877 2061 sed
921 2022 972 2061 ab
1007 2022 1159 2072 collegii
1192 2021 1447 2061 Abrincensis
1481 2032 1574 2070 pro·

144 2086 303 2133 sessore,
329 2087 391 2125 cui
416 2099 563 2125 nomen
589 2089 647 2125 est
673 2087 737 2125 Le
762 2087 1020 2127 Hericher.
1072 2086 1258 2126 Eiusdem
1294 2087 1437 2125 codicis
1464 2087 1573 2134 trag-

145 2152 282 2189 menta
320 2150 358 2200 (ἓ
396 2151 631 2197 105-115ς
666 2151 689 2201 g
718 2152 951 2197 134--1543
986 2151 1008 2201 ἓ
1047 2152 1283 2196 168--187;
1319 2151 1440 2200 §237
1476 2150 1573 2199 seq.)

145 2216 313 2255 contulit
351 2215 773 2256 Schneidewinus
816 2215 1104 2266 Gottingensis,
1152 2228 1274 2266 quam
1321 2215 1572 2255 collationem

145 2281 349 2320 Halmio
376 2283 536 2321 auctore
557 2283 678 2330 atque
695 2281 907 2330 interprete
930 2281 1317 2319 FlecKeisenius
1345 2280 1573 2319 Dresdensis

145 2356 303 2387 summa
334 2346 522 2386 comitate
546 2348 585 2386 et
615 2345 866 2386 humanitate
898 2357 1053 2385 mecum
1090 2345 1407 2385 communicavit.
1445 2345 1575 2384 Tran-

145 2412 314 2460 scriptas
352 2415 486 2453 autem
524 2413 709 2452 lectiones
747 2424 906 2462 paragr.
943 2413 1155 2451 154-167
1190 2411 1575 2460 Heerdegenius

146 2475 407 2526 Erlangensis,
441 2476 506 2526 qui
538 2477 733 2527 integram
760 2477 929 2517 confecit
954 2477 1097 2516 codicis
1123 2476 1385 2523 collationem,
1421 2488 1468 2515 ea
1496 2487 1576 2525 qua

147 2543 206 2580 est
231 2541 484 2581 humanitate
508 2543 668 2591 roganti
695 2542 793 2581 mihi
819 2543 938 2583 misit.
