1771 2826
826 150 877 187 31

141 283 226 311 voc.
254 269 407 309 aliunde
433 271 476 306 ut
500 270 631 306 mutuo
649 270 690 307 et
706 271 775 306 aut
789 279 930 307 novum
946 268 1114 307 delenda
1132 280 1217 307 esse
1235 269 1301 309 ait.
1336 270 1414 309 Sed
1432 283 1571 320 neque,

141 338 190 375 ut
222 336 289 374 illa
323 345 409 374 voc.
444 333 660 378 deleantur,-
698 336 859 382 propter
897 334 1089 372 orationis
1127 335 1451 383 aequabilitatem
1486 336 1569 374 fieri

128 401 273 450 ‘potest
297 401 337 436 et
362 398 549 436 omnibus
575 398 684 444 locis,
710 398 853 446 quibus
880 398 929 436 de
954 398 1029 436 hac
1055 410 1098 436 re
1126 399 1256 447 agitur
1283 398 1346 447 (cf.
1365 400 1414 438 de
1440 412 1495 440 or.
1520 401 1570 438 111

142 466 165 515 g
196 465 277 510 167,
308 464 390 509 170,
416 463 518 510 201),
555 473 638 501 voc.
654 461 809 510 factum
837 462 914 502 Cic.
941 473 1024 500 non
1058 462 1250 508 adiunxit,
1285 463 1353 501 sed
1388 465 1572 512 opposuit

132 540 228 568 voc.
255 526 498 566 translatmn.
549 525 662 573 Quae
687 526 907 575 Madvigius
934 538 1025 565 cum
1052 527 1327 575 perspexisset,
1357 528 1477 566 verba
1504 532 1572 566 ant

137 596 298 643 factum,
325 602 428 640 quae
454 591 585 640 priore
609 591 696 629 loco
724 603 855 629 errore
880 594 1091 640 praecepta
1128 591 1313 630 librarius
1347 603 1573 641 expungere

142 657 350 703 omisisset,
376 655 591 695 rectissime
617 655 784 694 delenda
810 667 894 694 esse
919 656 1106 694 iudicavit
1145 656 1313 705 (advers.
1341 658 1423 697 crit.
1452 659 1496 704 ll,
1533 672 1569 709 p.

136 726 244 773 ⁷190).
296 723 398 761 Mira
424 723 600 770 quadam
625 722 922 771 perturbatione
940 723 1056 760 Laur.
1083 722 1221 771 (pl..50
1237 723 1337 771 cod.)
1368 723 1412 761 18
1429 725 1571 762 tradit:

143 792 214 830 aut
236 789 426 828 tralatum
455 789 525 826 aut
551 787 701 826 factum
718 787 878 826 aliunde
901 790 947 825 ut
971 789 1111 826 mutuo
1138 792 1207 826 aut
1232 787 1381 826 factum
1407 791 1452 826 ut
1480 790 1519 835 (l.
1547 802 1571 827 a

141 854 286 894 lineola
311 865 335 892 a
359 865 411 892 m.
438 853 569 902 priore
595 852 788 891 transfixa
814 854 887 901 est)
925 852 977 891 ab
1012 853 1096 902 ipso
1132 855 1201 891 aut
1236 853 1422 902 priscum.
1475 854 1496 903 g
1523 855 1568 893 81

142 923 178 958 et
202 921 295 968 post
320 930 403 957 voc.
416 929 573 965 parom,
599 929 720 966 quam
748 918 771 955 l.
799 918 986 957 exhibent
1003 918 1126 956 nostri
1152 917 1265 957 codd.
1292 929 1442 963 omneS‚
1468 922 1573 957 recte

142 987 184 1025 in
218 985 459 1024 Memmiano
494 983 650 1022 Gruteri
683 984 803 1028 deest,
833 987 871 1022 et
909 984 944 1020 si
978 987 1021 1020 ut
1054 984 1076 1032 ξ
1102 984 1151 1021 83
1187 995 1211 1020 a
1243 983 1350 1021 Man.
1375 983 1504 1031 primo
1533 983 1571 1020 in

142 1050 240 1089 sicut
265 1051 363 1090 mut.
390 1050 460 1088 est.
489 1096 491 1098 Ι
512 1049 699 1086 Assumat
735 1050 866 1086 autem
896 1050 941 1086 et·
960 1047 1100 1086 accedit
1125 1047 1147 1097 ξ
1174 1047 1222 1085 85
1249 1059 1330 1095 seq.
1355 1046 1572 1085 Lambinus

142 1114 390 1159 emendavit,
425 1126 552 1162 neque
585 1115 723 1151 tamen
757 1116 826 1159 est,
864 1124 933 1151 cur
959 1112 982 1161 ξ
1007 1113 1057 1150 89
1083 1112 1140 1149 vel
1166 1112 1351 1157 maxime,
1390 1112 1496 1160 quod
1532 1113 1572 1150 in

142 1178 341 1223 omnibus,
375 1178 416 1216 ni
441 1177 569 1225 fallor,
604 1178 717 1217 codd.
753 1180 822 1223 est,
862 1178 902 1215 in
937 1189 1053 1225 quam
1080 1189 1131 1215 m.
1159 1179 1333 1215 mutetur
1357 1177 1421 1223 (cf.
1449 1177 1470 1226 ἓ
1502 1177 1573 1215 174

141 1243 200 1281 vel
233 1243 408 1281 maxime
441 1242 566 1290 velle).
618 1241 640 1291 ἓ
667 1242 716 1280 93
750 1241 871 1280 verba
905 1241 939 1279 si
967 1253 1043 1289 pro
1075 1241 1214 1289 patria
1252 1252 1377 1278 arcem
1415 1240 1574 1279 dixisset

141 1309 317 1356 itemque
342 1318 420 1354 pro
446 1306 561 1355 Afris
591 1306 768 1344 immutat
801 1306 979 1355 Africam
1012 1318 1086 1355 pro
1123 1306 1404 1345 additamentis
1438 1319 1572 1356 gram·

140 1371 274 1410 matici
309 1371 482 1410 hominis
519 1371 706 1411 habenda
741 1384 824 1411 esse
863 1384 934 1411 suo
969 1372 1054 1411 iure
1087 1372 1236 1412 iudicat
1263 1372 1464 1422 Sauppius
1499 1372 1523 1412 l.
1546 1371 1570 1412 l.

143 1449 182 1486 p.
208 1437 232 1475 6
260 1438 322 1485 (cf.
349 1436 528 1475 Pideritii
554 1438 615 1475 ed.
637 1437 682 1476 ΙΙ.
707 1449 747 1486 p.
772 1438 874 1487 203).
912 1438 1002 1476 Alia
1027 1439 1173 1476 menda
1198 1438 1311 1477 codd.
1340 1437 1569 1475 mutilorum

143 1501 379 1541 lectionibus
404 1501 676 1550 corriguntur:
703 1501 724 1551 ἕ
751 1501 801 1540 94
827 1505 861 1539 et
885 1501 976 1540 haec
1009 1505 1068 1541 est
1102 1502 1143 1540 in
1168 1501 1264 1540 Abr.
1291 1504 1331 1540 et
1356 1501 1456 1541 Gud.
1483 1501 1569 1548 (int.

143 1578 283 1607 omnes
307 1566 413 1615 haec)
441 1568 480 1605 et
505 1566 605 1604 decet
631 1566 715 1614 (int.
732 1566 839 1616 licet)
865 1568 905 1605 in
923 1566 1044 1612 Gud.;
1070 1567 1192 1605 verba
1216 1565 1506 1614 explicabuntur
1524 1588 1570 1594 -—

140 1629 315 1669 dicentur
340 1631 362 1680 ξ
388 1630 437 1668 95
472 1630 553 1677 (int.
590 1630 835 1679 explicantur
863 1653 908 1658 —
935 1631 1135 1679 dicuntur)
1175 1631 1361 1679 leguntur
1396 1631 1437 1669 in
1463 1631 1571 1677 Abr.‚

144 1693 257 1741 Gud.,
283 1695 400 1734 Laur.
427 1694 497 1739 333
524 1694 734 1733 extimescet
760 1694 781 1744 ἓ
807 1695 857 1733 98
882 1694 969 1744 (int.
995 1695 1227 1744 extimescit)
1254 1697 1313 1734 est
1337 1695 1378 1733 in
1405 1694 1506 1734 Gud.
1532 1697 1571 1734 et

144 1771 262 1809 quem
289 1760 409 1798 modo
435 1761 515 1799 dixi
541 1761 626 1800 cod.
644 1761 759 1800 Laur.
788 1761 809 1810 ἓ
831 1761 901 1799 100
919 1761 1087 1809 denique
1104 1761 1236 1799 nescio
1250 1772 1303 1799 an
1318 1759 1418 1800 Gud.
1435 1772 1571 1798 veram

143 1824 329 1864 exhibeat
354 1825 582 1867 lectionem:
608 1825 748 1864 animo.
785 1825 891 1864 Nam
916 1837 1035 1863 manu
1060 1824 1193 1874 (Laur.
1221 1824 1270 1863 33
1297 1836 1376 1865 om.
1402 1825 1522 1874 nam).

268 1905 405 1954 Neque
430 1908 564 1944 autem
605 1907 750 1945 menda
776 1907 904 1944 inveni
931 1907 1048 1944 huius
1074 1906 1163 1944 libri
1189 1906 1352 1954 propria
1377 1905 1453 1942 nisi
1479 1905 1572 1949 duo,

143 1967 246 2007 levia
272 1979 369 2008 sane
393 1973 443 2017 et,
474 1971 581 2019 quod
606 1971 751 2009 mirum
780 1974 851 2018 est,
878 1971 918 2009 in
943 1971 1004 2010 ed.
1031 1970 1205 2017 Victorii,
1241 1970 1411 2009 alterum
1437 1969 1478 2007 in
1503 1968 1573 2006 Al-

142 2033 245 2072 dinis
283 2046 441 2085 quoque
479 2036 655 2085 aliisque,
692 2036 878 2085 repetita:
916 2035 938 2085 g
965 2036 1013 2074 72
1052 2035 1107 2073 Et
1132 2036 1215 2073 sine
1254 2035 1343 2084 (pro
1370 2034 1445 2072 etsi
1470 2033 1570 2081 sine)

143 2100 183 2136 et
209 2099 231 2148 g
256 2100 306 2137 85
332 2100 612 2138 continuatione
637 2100 729 2150 (pro
752 2100 1113 2150 continuationem).
1166 2100 1270 2138 Nam
1297 2099 1403 2149 quod
1430 2099 1470 2136 in
1496 2098 1571 2136 hoc

142 2173 223 2202 uno
248 2164 271 2205 l.
299 2164 321 2214 §
348 2164 396 2204 79
421 2164 659 2204 editionibus
685 2165 848 2215 vulgata
870 2165 984 2204 lectio
1002 2167 1061 2204 est
1086 2165 1228 2211 ade‘m't,
1254 2165 1336 2203 veri
1361 2164 1571 2212 vestigium

142 2228 241 2265 mihi
265 2228 392 2267 inesse
427 2229 600 2275 videtum
634 2241 764 2278 neque
797 2230 902 2268 enirn
937 2229 1034 2268 illud
1069 2231 1176 2278 quod
1200 2229 1504 2277 Theophrastus
1530 2228 1572 2265 in

143 2292 333 2332 orationis
351 2293 536 2333 laudibus
554 2297 749 2342 numerat,
776 2295 801 2336 i.
820 2307 853 2333 e.
871 2305 994 2344 genus
1012 2297 1152 2334 ornate
1168 2294 1322 2334 dicendi
1350 2293 1413 2341 (de
1431 2304 1511 2342 qua
1529 2304 1571 2331 re

143 2356 190 2396 cf.
216 2358 266 2396 de
283 2370 340 2398 or.
359 2359 423 2405 111,
448 2359 528 2408 91),
553 2359 690 2398 abesse
708 2359 786 2400 Cic.
802 2360 1004 2399 affirmare
1021 2362 1151 2409 potest
1169 2371 1307 2408 neque,
1334 2359 1406 2397 etsi
1429 2358 1572 2407 legitur

142 2420 184 2459 in
209 2421 293 2463 Cat.
320 2435 372 2463 m.
393 2424 460 2462 72:
487 2424 583 2463 illud
608 2424 727 2464 breve
747 2425 853 2464 vitae
870 2424 1079 2474 reliquum,
1107 2424 1354 2464 Ciceroniani
1377 2423 1572 2462 sermonis

142 2487 239 2526 mihi
272 2500 358 2527 esse
390 2490 547 2528 videtur
582 2493 760 2528 ornatum
795 2491 988 2530 substant.
1023 2491 1110 2528 loco
1137 2490 1312 2539 positum
1339 2500 1430 2527 cum
1457 2500 1569 2536 pron.

142 2550 238 2588 illud
274 2556 312 2591 et
350 2554 488 2594 adiect.
523 2565 639 2591 snare
675 2558 712 2592 et
739 2554 904 2605 affluens
929 2555 1186 2603 coniungere:
1231 2555 1353 2592 immo
1395 2553 1449 2590 ita
1491 2563 1570 2589 non
