1771 2826
799 133 848 171 33

112 254 271 305 quidem
299 252 407 291 nullo
433 253 549 301 pacto
575 262 736 300 possum
763 251 1014 300 perscrutari.
1064 250 1258 298 Adipatae
1283 250 1424 289 deinde
1451 250 1537 301 §25

110 319 344 358 vocabulum
358 346 368 364 ,
406 317 513 366 quod
552 318 610 355 est
642 316 684 355 in
709 316 827 355 Nonii
864 316 966 354 libro
992 316 1046 365 (p.
1073 315 1158 365 69),
1193 317 1298 354 recte
1324 327 1365 354 se
1390 316 1538 354 habere

111 385 409 423 demonstratur
433 383 551 421 huius
577 382 721 421 codicis
745 381 924 421 lectione.
968 380 1081 427 Quae
1106 383 1239 419 autem
1265 383 1358 418 sunt
1382 381 1422 419 in
1449 380 1538 430 §30

110 451 145 487 et
181 448 246 496 qui
289 450 329 486 et
370 448 411 485 in
454 447 476 496 ἓ
512 447 561 486 47
602 449 783 485 emanant
824 448 863 484 et
905 446 946 484 in
989 446 1011 495 g
1048 446 1095 483 51
1146 444 1406 483 Charmadam
1448 446 1538 492 (vit.

111 512 370 557 Carneadem,
412 511 491 550 alia
530 512 624 557 alii),
663 523 711 550 ea
749 514 853 551 recte
892 510 945 550 ab
984 510 1060 548 hoc
1098 509 1199 547 libro
1235 520 1316 547 uno
1357 509 1537 558 praeberi

109 579 288 627 apparet.
340 575 458 623 Quod
484 576 506 625 ξ
532 576 581 615 68
606 576 827 625 Madvigius
853 575 1052 626 perspexit
1077 575 1323 613 coniectura:
1358 574 1539 613 nonnulli

109 653 243 682 eorum
269 640 477 689 voluptati,
502 640 593 679 Aldi
620 641 671 691 (Ρ)
709 643 747 680 et
780 641 962 679 Lambini
999 639 1062 689 (cf.
1099 640 1160 678 ed.
1194 651 1230 678 a.
1260 639 1356 677 1573
1382 651 1420 688 p.
1446 639 1536 686 601)

108 709 263 746 secutus
290 705 425 754 aliqua
450 717 498 743 ex
520 708 635 754 parte
652 706 940 751 auctoritatem,
966 705 1016 743 de
1032 703 1170 743 vocab.
1190 704 1383 751 voluptati
1399 715 1537 742 verum

111 783 196 811 esse
221 771 297 809 hoc
324 770 457 808 codice
483 770 764 815 confirmatur3
797 782 875 819 qua
901 770 950 808 de
976 781 1019 807 re
1043 781 1171 818 neque
1197 768 1419 817 Sauppium
1447 769 1485 816 (l.
1512 769 1536 808 l.

107 848 145 885 p.
184 836 226 874 11
266 846 371 884 seq.:
412 834 693 873 nonnullorum
729 834 948 881 voluntate,
988 846 1108 883 quam
1147 834 1276 883 ipsam
1316 834 1478 883 praebet
1512 833 1537 873 l.

107 902 223 940 Laur.
251 899 313 949 18)
339 910 467 948 neque
489 899 712 948 Stanglium
738 900 778 948 (l.
797 900 820 939 1.
839 912 878 949 p.
896 900 962 938 2οε
989 899 1272 938 nonnullorum
1299 899 1534 946 voluntates)

107 966 207 1006 bene
232 963 444 1003 coniecisse
469 964 719 1014 perspicuum
746 967 814 1005 est.
865 964 1012 1004 Forma
1047 963 1157 1003 verbi
1191 963 1327 1003 habeat
1360 964 1534 1004 eiusdem

107 1043 204 1080 par„
233 1042 335 1078 quae
353 1030 393 1067 in
406 1029 564 1067 Victorii
593 1042 749 1078 quoque
767 1031 825 1069 ed.
846 1031 1055 1076 invenitur,
1081 1033 1185 1068 recte
1203 1042 1245 1067 se
1263 1030 1410 1068 habere
1427 1031 1535 1068 vide-

105 1100 189 1142 tur;
219 1095 326 1134 'haec
361 1094 467 1133 enim
493 1094 594 1133 inest
619 1095 659 1133 in
686 1095 761 1133 illis
786 1095 915 1134 verbis
950 1095 1165 1134 sententia:
1208 1106 1535 1145 »angenommem

107 1173 146 1199 es
173 1164 280 1199 ware
305 1160 409 1198 noch
436 1162 557 1198 etwas
575 1160 702 1198 daran
720 1172 767 1197 zu
784 1160 1085 1199 untersuchen«.
1127 1160 1242 1199 Solus
1260 1161 1429 1209 denique
1446 1162 1532 1201 cod.

107 1225 264 1264 exhibet
289 1235 384 1262 vera
409 1224 431 1273 g
457 1224 526 1262 80:
566 1226 605 1262 et
629 1224 876 1271 inusitatum,
910 1236 941 1262 s.
967 1237 998 1264 e.
1027 1225 1237 1270 inusitata3
1277 1225 1394 1263 ceteri
1419 1225 1531 1265 codd.

109 1290 292 1328 tradunt:
318 1289 527 1335 usitatum,
554 1300 584 1329 s.
613 1301 644 1328 e.
672 1289 832 1328 usitata.

235 1364 322 1403 Hae
360 1365 473 1412 sunt,
515 1375 614 1413 quas
652 1376 755 1402 unus
796 1365 966 1404 servavit
1008 1365 1131 1404 codex
1171 1365 1354 1405 lectiones
1398 1379 1532 1416 veras3

112 1430 310 1469 nonnullis
336 1430 430 1468 locis
456 1441 536 1468 non
562 1429 669 1468 solus
695 1430 865 1478 quidem,
890 1431 959 1468 sed
985 1441 1075 1468 cum
1101 1442 1181 1468 uno
1205 1442 1252 1468 ex
1269 1431 1381 1470 codd.
1399 1434 1531 1482 tradit,

110 1494 215 1544 quod
241 1505 378 1532 verum
407 1497 485 1533 est:
520 1493 542 1543 ἓ
567 1493 618 1534 20
642 1493 766 1532 limati
791 1505 882 1532 cum
907 1494 982 1534 Vit.
1011 1495 1115 1543 (cett.
1142 1494 1317 1544 limata),
1349 1495 1371 1545 ξ
1396 1497 1446 1535 26
1472 1498 1531 1536 in-

108 1558 266 1597 cendens
291 1571 381 1598 cum
408 1559 479 1599 Gu.
511 1561 542 1599 1.
570 1559 691 1609 (Eins.
718 1560 936 1607 intendens,
963 1562 1052 1599 cett.
1080 1560 1292 1609 incedens),
1320 1560 1408 1610 §36
1434 1563 1532 1601 alios

106 1645 158 1652 -—
183 1623 281 1662 alios
306 1636 396 1663 cum
422 1625 539 1672 Eins.‚
581 1626 647 1674 qui
682 1626 786 1664 idem
821 1637 923 1664 unus
957 1637 1092 1665 veram
1126 1638 1163 1666 v,
1189 1626 1362 1665 formam
1387 1628 1531 1667 tradit:

108 1688 302 1728 delectant
328 1691 429 1738 (cett.
457 1690 557 1729 alius
586 1711 627 1717 -—
658 1690 785 1739 alius),
813 1690 834 1739 ἕ
860 1691 910 1729 69
935 1691 1001 1729 off.
1028 1691 1195 1729 oratoris
1218 1702 1310 1730 cum
1335 1691 1401 1731 Dr.
1428 1695 1530 1740 (cett.

108 1754 324 1804 orationis),
359 1755 380 1805 5
408 1755 457 1793 70
492 1757 527 1793 et
561 1755 601 1793 in
635 1755 831 1804 poematis
864 1755 928 1805 (cf.
955 1755 1106 1796 Charis.
1142 1768 1180 1806 p.
1210 1757 1279 1795 141
1316 1757 1376 1797 ed.
1402 1758 1532 1808 Keilii)

107 1829 197 1857 cum
223 1819 290 1858 Dr.
316 1819 376 1869 (ut
401 1819 567 1867 videtur,
594 1818 664 1858 Gu.
696 1821 728 1858 1.
755 1820 795 1858 in
828 1820 1035 1869 poematis,
1070 1820 1175 1861 Eius.
1201 1821 1277 1860 Vit.
1304 1822 1345 1859 in
1369 1834 1533 1871 poema-

106 1883 223 1932 tibus,
249 1884 321 1924 Gu.
348 1885 384 1924 2.
411 1890 519 1932 om.)‚
557 1884 580 1933 ξ
604 1884 654 1922 89
679 1896 726 1922 ex
749 1886 930 1933 tempore
955 1896 1044 1923 cum
1071 1885 1178 1924 Eins.
1205 1887 1243 1935 (e
1268 1889 1387 1936 temp.
1415 1887 1534 1936 Mon.,

106 1951 192 1988 cett.
212 1950 418 1999 tempore).
456 1949 762 1988 Admonendum
782 1952 851 1997 est,
878 1961 998 1999 quam
1013 1949 1034 2000 ς
1047 1950 1094 1988 51
1114 1951 1308 2000 praebent
1323 1952 1532 1991 lectionem

107 2012 210 2054 Eins.
237 2015 302 2053 Dr.
331 2013 403 2053 Gu.
433 2015 465 2053 1.
493 2014 552 2054 2.;
587 2017 622 2051 et
655 2014 762 2062 quid,
797 2025 886 2052 eam
919 2026 1056 2053 veram
1083 2027 1169 2054 esse
1202 2015 1279 2054 hoc
1304 2016 1532 2054 confirmari

106 2078 250 2119 codice.
271 2079 448 2131 Itemque
473 2081 582 2120 haud
599 2092 691 2120 raro
709 2080 883 2120 codicem
902 2091 991 2119 cum
1010 2083 1124 2130 parte
1149 2082 1261 2121 codd.
1280 2093 1350 2120 seu
1376 2082 1532 2120 duobus

106 2154 175 2181 seu
191 2145 370 2193 pluribus
388 2146 697 2184 consentientem
715 2157 810 2184 vera
827 2145 995 2192 tradere,
1021 2148 1066 2184 ut
1084 2146 1106 2195 g
1124 2146 1166 2184 11
1187 2157 1272 2184 cum
1289 2146 1532 2196 (antiquam)

106 2208 263 2249 exhibet
289 2222 380 2250 cum
407 2212 511 2252 Eins.
538 2214 577 2250 et
603 2211 675 2251 Gu.
705 2212 736 2249 1.
764 2211 868 2260 (cett.
895 2211 1020 2257 tum),
1060 2211 1082 2260 ὅ
1111 2211 1162 2249 20
1194 2211 1266 2249 levi
1299 2222 1390 2249 cum
1425 2211 1530 2252 Eins.

106 2271 176 2313 GU.
207 2276 239 2314 1.
265 2276 300 2316 2.
328 2277 433 2325 (cett.
461 2276 575 2324 leni),
615 2276 637 2325 ἓ
662 2276 711 2313 83
737 2276 948 2323 ceteroquin
983 2287 1075 2313 cum
1109 2276 1214 2315 Eins.
1251 2278 1289 2314 et
1323 2275 1387 2314 Dr.
1425 2277 1529 2323 (cett.

105 2349 174 2376 seu
191 2342 323 2380 cetera
341 2352 410 2381 seu
427 2340 641 2391 certoque),
665 2352 747 2380 non
773 2343 832 2380 est
857 2351 926 2380 cur
951 2340 1131 2390 pluribus
1158 2341 1367 2380 ostendam
1388 2340 1530 2381 verbis.

228 2411 286 2450 Ex
305 2412 374 2459 eis,
394 2423 497 2461 quae
515 2423 638 2461 supra
651 2412 827 2461 exposui,
844 2423 926 2450 non
943 2412 1117 2460 vulgaris
1131 2414 1250 2451 notae
1262 2412 1369 2449 hunc
1385 2411 1530 2450 librum

106 2483 188 2512 esse
225 2474 339 2514 facile
377 2475 603 2524 apparebit:
640 2487 743 2524 quae
780 2487 843 2514 res
877 2478 922 2514 ut
954 2476 1146 2514 lectorum
1183 2487 1265 2514 non
1301 2476 1530 2525 cogitationi

105 2537 248 2587 solum:
267 2540 335 2579 sed
353 2540 476 2580 oculis
494 2539 615 2579 etiam
633 2540 861 2588 subiciatur,
880 2540 1066 2579 lectiones
1084 2541 1167 2579 eius
1184 2541 1528 2590 paragraphorum
