1771 2826
917 139 966 176 66

225 259 245 308 5
277 259 346 297 137
373 270 491 307 saepe
516 258 636 296 etiam
665 261 709 297 ut
735 261 811 297 ext.
839 271 873 297 a.
902 271 930 299 s.
958 262 1001 298 ut
1028 259 1109 309 irr.]
1137 270 1255 307 saepe
1281 261 1323 296 ut
1350 258 1496 297 redeat.

224 324 245 373 ἓ
277 324 348 363 160
373 314 633 371 adhibebant]
662 323 891 363 adhibebat.

224 389 246 438 ἓ
277 389 348 427 174
372 384 514 426 hocin
549 387 647 437 eius]
684 387 759 426 hoc
796 388 837 426 in
875 389 1004 426 omnis
1045 410 1091 416 —
1129 388 1169 426 in
1208 390 1308 427 orat.
1335 387 1450 437 uter.]
1488 389 1528 427 in
1553 391 1654 429 orat.

375 456 562 494 uteretur.

225 521 246 570 g
277 521 347 559 182
373 523 412 559 et
439 519 546 569 quod
572 519 749 557 moder..
779 548 788 557 .
819 552 825 559 .
852 521 912 557 est
949 519 1128 567 numero]
1169 519 1207 557 et
1243 518 1349 567 quod
1384 518 1656 556 moderatione

375 585 459 623 abs.
486 586 524 622 et
551 583 657 632 quod
684 583 735 623 ill.
764 595 799 633 g.
828 583 936 624 uerb.
963 595 1084 633 quam
1111 585 1170 622 est
1195 594 1372 622 numero.

226 651 246 699 ἓ
278 651 347 688 185
375 651 429 688 ita
457 650 496 688 in
523 650 598 688 hac
624 661 666 688 re
693 650 832 688 accidit
852 678 985 689 ......
1011 648 1250 698 excogitata]
1276 649 1418 687 desunt
1443 648 1576 687 verba.
1602 701 1605 703 Β

226 715 247 765 ξ
278 716 348 754 187
376 714 525 761 Quodsi
552 716 602 765 et]
640 715 755 763 Quod
791 716 822 754 si
862 718 897 754 et
927 737 970 743 —-
999 715 1186 754 collatata
1224 716 1260 753 et
1295 713 1453 761 diffusa]
1489 712 1654 751 dilatata

376 783 415 819 et
439 781 540 819 fusa.

225 846 246 895 ἓ
277 846 347 884 188
374 843 444 884 3111
461 845 591 894 sesqui
610 844 713 895 esse]
740 847 809 883 aut
827 857 869 883 se
884 844 1037 893 sesequi
1052 856 1135 883 esse
1151 865 1195 871 -—
1211 842 1446 893 sesquiplex]
1473 854 1652 892 sequens.

225 911 246 960 ἓ
275 911 346 948 189
372 911 478 959 quod
503 911 655 949 vehem.
683 913 740 949 est
766 910 850 959 uit.]
878 913 935 948 est
962 911 1001 948 id
1029 911 1282 949 uehementer
1308 910 1510 948 uitiosum.

225 976 247 1025 ἓ
277 976 350 1013 190
375 976 535 1024 dempta
562 974 619 1024 in]
645 975 809 1023 dempta
835 987 893 1014 ex,

225 1040 246 1089 ἓ
274 1040 348 1078 232
374 1040 436 1077 fac
462 1040 519 1077 ita
546 1041 628 1088 pot.
655 1052 684 1079 S.
714 1039 765 1078 ab
793 1039 941 1088 aliquo]
969 1039 1111 1078 facetia
1139 1040 1325 1088 potuisse.

225 1105 246 1154 g
274 1105 348 1142 233
375 1106 419 1141 111
445 1104 582 1142 ordine
600 1132 609 1142 .
628 1133 636 1140 .
656 1136 664 1144 .
691 1104 837 1142 eisdem
864 1103 1010 1153 uerbis]
1038 1106 1080 1142 ut
1101 1104 1238 1142 ordine
1256 1104 1468 1142 uerborum
1487 1103 1651 1152 paulum

373 1170 621 1207 commutato
648 1168 785 1207 iisdem
813 1169 957 1206 uerbis.

224 1234 245 1282 ἓ
273 1233 348 1271 234·
374 1233 493 1270 modo
520 1234 574 1270 sic
600 1235 644 1271 111
670 1234 702 1270 si
729 1233 834 1282 quis]
864 1234 982 1270 modo
1010 1234 1063 1271 sic
1090 1236 1132 1271 ut
1160 1233 1258 1282 quis.

224 1298 245 1347 ἓ
272 1298 346 1337 235
372 1300 507 1337 tamen
526 1298 652 1337 simile
670 1298 749 1348 est]
778 1298 920 1337 desunt
938 1297 1059 1336 verba
1076 1319 1123 1326 —
1139 1297 1244 1347 quod
1264 1309 1336 1347 ego
1354 1296 1489 1347 laudo]
1509 1298 1652 1336 desunt

374 1362 497 1400 verba
526 1383 567 1389 —
597 1374 677 1410 rep.
705 1362 809 1411 ipsa]
838 1363 1032 1410 reperiam
1060 1362 1153 1410 ipse.

225 1427 245 1475 ἓ
272 1426 347 1465 236
374 1425 601 1475 Composite
627 1426 684 1476 et]
712 1426 852 1465 desunt
880 1426 1000 1465 verba
1027 1448 1075 1453 —
1101 1429 1220 1475 spect.
1247 1428 1315 1465 aut
1342 1425 1451 1475 aud.]
1484 1425 1653 1475 spectari

374 1493 444 1528 aut
473 1492 613 1530 audiri.

224 1555 245 1603 ξ
273 1555 346 1593 237
375 1554 520 1604 leviss]
547 1554 761 1593 leuissima.
790 1576 834 1582 —
862 1565 939 1594 ver.
968 1554 1025 1603 in]
1053 1566 1191 1593 uerurn
1220 1555 1271 1593 in.

374 1890 430 1927 Ex
456 1890 587 1928 codice
622 1890 756 1928 XVIII.
790 1891 963 1928 eiusdem
999 1891 1051 1938 pl.
1078 1891 1151 1928 has
1186 1891 1370 1929 lectiones
1396 1890 1653 1939 proferendas

372 1953 590 2004 putabam:

225 2020 246 2068 ἓ
298 2020 346 2057 22
372 2020 453 2057 uim
481 2020 521 2058 in
547 2020 666 2069 sing]
695 2021 775 2058 uim
802 2021 977 2069 singulis

225 2084 246 2134 ξ
296 2084 346 2122 47
372 2084 503 2123 Facile
538 2085 657 2133 igitur
693 2117 887 2125 ......
929 2097 1059 2134 gener.
1098 2086 1218 2135 dicet]
1260 2086 1390 2125 Facile
1432 2086 1551 2134 igitur
1589 2086 1653 2125 hic

374 2152 510 2188 noster
536 2151 580 2188 ut
607 2150 797 2199 quoniam
823 2151 846 2191 l.
866 2162 898 2189 c.
924 2154 970 2191 tr.
998 2154 1200 2200 percurrat
1227 2163 1363 2190 omnes
1391 2154 1525 2190 utatur
1550 2152 1654 2202 aptis

376 2226 464 2262 gen.
489 2214 615 2253 dicat¹
648 2216 778 2253 Facile
804 2216 853 2264 ig.
882 2216 944 2254 hic
967 2228 1004 2255 n.
1031 2228 1112 2254 non
1143 2217 1247 2255 enim
1276 2246 1285 2256 .
1315 2249 1322 2256 .
1352 2249 1360 2256 .
1389 2249 1396 2257 .
1426 2217 1653 2265 quaerimus

374 2280 419 2316 ut
446 2279 637 2327 quoniam
664 2280 688 2320 l.
715 2291 747 2318 c.
775 2282 823 2318 tr.
849 2283 1054 2328 percurrat
1081 2282 1174 2319 etc.²

226 2343 247 2392 ἓ
298 2343 347 2382 68
373 2344 550 2382 11011111111.
576 2344 787 2395 voluntati]
814 2345 1095 2384 nonnullorum
1122 2346 1339 2384 voluntate.

226 2409 246 2458 ξ
297 2408 347 2446 80
372 2411 442 2447 3111
468 2409 707 2448 translatum
736 2440 929 2451 ......
957 2413 1026 2449 3111
1051 2410 1245 2460 priscum]
1273 2412 1342 2453 aut
1368 2411 1556 2450 tralatum
1583 2414 1653 2451 aut

374 2473 523 2512 factum
561 2475 720 2514 aliunde
746 2476 789 2513 ut
818 2478 955 2514 mutuo
995 2478 1063 2514 aut
1103 2475 1252 2514 factum
1287 2478 1330 2515 ut
1366 2476 1417 2515 ab
1457 2476 1542 2525 ipso
1582 2478 1652 2516 aut

374 2549 560 2585 pnscum.
