1771 2826
780 136 829 174 29

687 186 772 193 mv

89 253 303 304 suppellex,
338 253 471 293 obiicit
496 256 534 293 et
558 255 766 295 subiicitur
792 257 876 302 etc,
912 255 1070 305 seleget‚
1106 258 1144 294 et
1177 255 1325 294 tralata
1350 257 1388 294 et
1413 257 1523 294 tras·

88 321 212 358 latum
239 318 523 369 (trasferendis)
549 322 590 359 et
618 321 824 360 translatio
851 320 1125 369 (transferas);
1150 320 1327 366 caeteris,
1353 319 1520 358 faecun-

89 384 205 430 dum‚
244 383 434 423 maestior
468 383 716 435 (maereret),
754 392 942 431 scaenae,
980 383 1276 431 subobscaenn‚
1315 385 1523 434 caepisset,

89 449 217 498 caepit
243 449 330 498 (pro
355 448 551 498 coepisset,
590 451 740 499 eoepit),
777 450 913 499 polite⁴
929 451 1018 499 (pro
1052 450 1213 498 politae)
1253 451 1338 495 etc„
1374 449 1520 498 prelia;

89 525 307 562 nunquam,
343 525 586 563 quanquam,
620 518 827 564 tanquam,
861 515 1098 564 quicunque,
1125 514 1356 563 plerunque,
1382 515 1521 552 utran-

90 590 180 627 que,
206 579 448 625 iandudum;
487 580 638 626 omnis,
677 581 823 629 partis,
862 581 1094 620 insanabilis
1127 581 1218 630 (pro
1253 592 1389 620 omnes
1416 579 1518 628 etc).

89 643 229 692 Praep.
256 644 309 681 ad
337 645 619 683 assimilatione
652 656 743 683 cum
769 646 890 684 verbo
916 646 1155 694 coniungere
1180 645 1298 683 solet:
1338 645 1521 691 afferens,

90 707 221 754 allata,
248 710 427 748 assumat
454 709 693 758 (astrictior).
736 709 814 747 Pro
842 709 875 747 ei
901 710 961 748 vel
987 709 1028 747 hi
1055 709 1117 747 vel
1142 709 1175 747 ii
1194 709 1359 758 legitur3
1389 720 1519 757 neque

90 773 215 810 solum
242 773 327 813 libr.
354 773 524 813 scribere
550 773 669 812 solet:
707 775 812 822 quod
840 774 885 819 si,
914 776 954 812 et
980 774 1025 820 si,
1052 774 1171 812 etiam
1198 774 1251 819 si,
1285 774 1318 812 si
1346 774 1521 821 quidem,

90 837 157 875 sed
184 837 438 878 inveniuntur
463 838 582 877 etiam
609 836 693 878 voc.
720 838 824 877 male
850 838 1066 877 disiuncta:
1102 849 1173 887 per
1198 838 1328 887 pauci,
1364 838 1401 876 id
1430 849 1518 887 que,

90 906 135 942 ut
160 915 335 952 cunque,
370 907 507 943 contra
541 905 621 943 duo
657 915 742 942 voc.
768 905 808 942 in
834 915 960 942 unum
987 904 1198 942 coniuncta
1206 916 1219 957 ς
1253 903 1375 949 idest,
1410 903 1521 951 plus-

90 979 223 1016 quam,
251 968 624 1017 quammollissimis.
668 968 746 1007 Pro
773 968 846 1008 litt.
872 980 898 1016 y
923 967 1061 1007 vocab.
1089 979 1324 1016 graecorum
1342 967 1519 1016 plerum-

90 1044 166 1082 que
191 1033 215 1072 1.
239 1033 252 1071 ι’
277 1036 468 1082 ursupata
486 1036 564 1072 estz
591 1033 874 1083 panegiricum,
901 1033 1096 1081 gimnasii‚
1122 1032 1361 1078 Bizantium,
1386 1034 1425 1070 et
1449 1044 1519 1069 no-

89 1098 199 1136 mina
220 1098 382 1146 propria
399 1110 480 1136 non
498 1109 589 1136 raro
609 1100 700 1136 sunt
716 1097 820 1136 male
845 1097 1011 1145 scripta:
1039 1097 1374 1142 Clithomachum‚
1401 1096 1523 1135 Chal-

90 1173 156 1200 cas
182 1163 255 1203 etc.
294 1162 386 1202 Voc.
412 1174 568 1212 graeca,
594 1173 764 1212 quorum
790 1173 884 1212 pars
910 1162 1055 1208 latinis,
1082 1173 1176 1211 pars
1202 1161 1354 1211 graecis
1381 1160 1521 1200 litteris

89 1227 236 1275 scripta
260 1229 337 1273 est,
376 1227 428 1265 ab
464 1228 655 1266 eademne
689 1239 813 1265 manu
848 1228 1026 1266 confecta
1052 1239 1105 1265 an
1132 1226 1184 1265 ab
1209 1227 1337 1265 altera
1371 1227 1524 1265 inserta

90 1291 187 1338 sint,
226 1303 298 1341 pro
337 1296 443 1331 certo
480 1293 555 1332 dici
596 1304 678 1331 non
714 1295 864 1342 potest:
906 1293 1026 1342 paulo
1066 1293 1242 1332 acutiore
1268 1293 1406 1342 utique
1431 1292 1521 1331 stilo

93 1368 140 1394 ea
157 1357 305 1405 scripta
330 1369 414 1396 esse
440 1358 647 1396 adnotavit
672 1358 858 1395 Vitellius.
913 1357 1095 1397 Ceterum
1116 1358 1216 1396 haec
1248 1358 1393 1396 codicis
1426 1369 1521 1406 pars

93 1422 177 1459 tam
196 1424 382 1461 accurate
400 1425 563 1462 exarata
581 1425 650 1470 est,
667 1425 711 1461 ut
728 1422 915 1472 perpauci
932 1422 1182 1472 reperiantur
1198 1422 1344 1461 calami
1362 1423 1523 1478 lapsus:

90 1497 186 1524 nom
212 1490 250 1527 et
276 1488 518 1526 mentiantur
545 1488 584 1537 (i.
601 1500 633 1527 e.
651 1499 732 1526 non
751 1490 789 1526 et
807 1490 897 1529 met.
923 1487 1041 1537 523),
1066 1488 1347 1533 accomodarit,
1366 1488 1525 1534 imutat,

92 1551 192 1589 casis
219 1551 364 1600 (causis
389 1552 411 1602 g
437 1552 520 1601 51),
547 1552 597 1591 sit
623 1554 662 1591 et
685 1552 812 1591 sucati
838 1552 898 1601 (fit
921 1555 975 1594 ,e't‘
987 1551 1109 1591 fucati
1127 1551 1158 1602 ξ
1186 1552 1233 1590 78
1259 1551 1370 1602 seq),
1397 1552 1525 1604 officij-

91 1616 250 1665 cfisque,
276 1617 498 1666 tertiiisque
516 1617 737 1665 (tertiisque
754 1616 775 1666 g
792 1616 845 1664 4),
870 1616 1064 1659 conterita
1093 1617 1296 1663 (contenta
1315 1616 1336 1666 ἓ
1354 1616 1433 1666 56),
1460 1616 1523 1654 cui

92 1681 326 1719 mendorum
345 1682 477 1730 generi
503 1681 635 1720 nescio
662 1693 714 1720 an
739 1691 823 1719 voc.
849 1681 923 1719 toto
948 1692 988 1718 se
1012 1680 1132 1730 (totos
1159 1692 1201 1719 se
1227 1680 1249 1729 ξ
1274 1680 1340 1730 24)
1367 1683 1406 1719 et
1430 1680 1526 1729 quid

92 1743 268 1791 (quidem
294 1744 316 1793 ἓ
343 1745 407 1792 30)
442 1745 743 1784 adnumeranda
769 1745 865 1790 sint;
903 1756 997 1782 nam
1027 1745 1209 1784 vendicat
1244 1744 1281 1794 (g
1307 1744 1374 1794 61)
1401 1744 1522 1783 etiam

91 1809 133 1848 in
158 1809 262 1851 Eius.
290 1811 329 1849 et
355 1809 429 1851 Vit.
457 1812 524 1849 est
578 1809 843 1859 Interpunctio
878 1809 1079 1849 rarissime
1113 1810 1311 1849 omittitur
1339 1809 1400 1859 (ut
1425 1810 1448 1860 ξ
1475 1809 1521 1849 31

92 1875 255 1923 legitur:
299 1875 483 1913 omnibus
521 1875 687 1923 fateor),
732 1875 846 1923 signa
883 1874 1133 1923 parenthesis
1171 1875 1330 1923 saepius
1368 1874 1522 1914 desunt.

92 1938 229 1989 Neque
256 1939 450 1980 vocabula
476 1942 546 1979 aut
571 1939 728 1990 singula
758 1941 829 1979 aut
862 1939 1076 1979 coniuncta
1096 1938 1292 1981 ‘librarius
1317 1940 1524 1980 oculorum

94 2017 225 2044 errore
259 2007 400 2044 ductus
425 2006 500 2044 nisi
535 2005 709 2054 quinque
742 2005 838 2043 locis
876 2005 1020 2051 omisit,
1060 2005 1204 2053 quibus
1243 2005 1339 2042 locis
1376 2005 1526 2044 omissa

93 2069 265 2119 margini
292 2069 490 2119 adscripta
515 2071 620 2110 sunt.

218 2145 327 2183 Haec
361 2145 441 2183 fere
475 2147 586 2191 sunt,
622 2156 725 2194 quae
749 2145 798 2182 de
823 2144 941 2183 huius
966 2144 1056 2182 libri
1083 2145 1211 2193 speeie
1237 2147 1357 2193 atque
1381 2143 1523 2183 habitu

95 2211 476 2248 commemorentur:
501 2211 751 2248 transeamus
778 2209 830 2247 ad
857 2220 916 2256 ea,
942 2220 1044 2258 quae
1070 2208 1119 2247 de
1137 2209 1220 2247 eius
1238 2211 1384 2248 natura
1402 2210 1526 2257 atque

96 2273 227 2314 indole
251 2275 481 2314 disserenda
507 2276 612 2314 sunt.
664 2274 723 2313 Ac
749 2274 985 2313 mendorum
1020 2274 1179 2322 quidem
1209 2286 1336 2323 paene
1370 2273 1524 2311 nullum

95 2350 177 2377 non
202 2340 399 2378 invenitur
424 2340 466 2377 in
491 2339 631 2377 ceteris
658 2339 784 2385 codd,
819 2350 841 2377 e
869 2350 947 2387 quo
973 2350 1139 2376 numero
1167 2350 1214 2376 ea
1241 2349 1343 2387 quae
1367 2337 1532 2376 notabi-

97 2403 196 2444 liora
221 2405 320 2444 mihi
345 2406 528 2445 videntur
553 2405 769 2455 proferam.

222 2476 243 2525 ξ
268 2477 295 2514 4·
327 2477 368 2514 in
402 2477 586 2514 omnibus
611 2477 637 2514 l.
663 2478 723 2527 est
758 2488 810 2513 an
834 2487 907 2524 pro
932 2487 1034 2520 nam,
1071 2486 1173 2523 quae
1200 2474 1315 2512 lectio
1338 2473 1526 2522 -primum

98 2539 148 2589 (si
173 2540 354 2591 Meyerus
379 2553 473 2581 vera
498 2541 643 2587 tradit;
677 2553 772 2579 nam
809 2542 857 2579 de
884 2540 955 2581 Gu.
985 2541 1017 2580 1.
1045 2540 1079 2579 2.
1108 2539 1229 2588 errat)
1257 2539 1297 2577 in
1324 2538 1431 2578 Junt.
1459 2538 1525 2577 alt.
