1771 2826
832 160 879 199 39

289 281 415 329 potuit
440 280 481 318 in
508 292 632 329 marg.
649 281 785 319 addita
803 280 854 318 ab
883 280 1021 318 eodem
1047 279 1135 317 libr.
1163 290 1215 317 an
1243 278 1294 317 ab
1321 278 1399 317 alio
1426 278 1571 328 scripta

291 346 382 392 sint,
399 357 544 394 parum
562 345 702 395 liquet)
722 368 766 375 —
787 345 1010 384 omnibus'’.
1050 343 1213 394 Fateor]
1233 343 1417 382 omnibus
1435 343 1570 382 fateor·

155 413 177 462 g
204 412 252 449 32
292 409 480 459 exstaret]
507 412 669 450 extaret.

156 502 177 551 ξ
204 500 252 539 33
614 499 698 548 [fol.
726 499 793 537 96ν
819 498 983 547 quotidie
1009 498 1131 546 mayis
1155 498 1246 547 cet.]

292 572 497 622 incredib]
525 572 748 610 admirabili
773 593 821 599 —
850 571 1063 621 admirab]
1091 572 1391 611 incredibilium.

155 639 176 688 ξ
203 638 253 676 34
291 637 424 676 scrib!
451 636 515 686 It.]
543 636 793 675 scribendum
820 636 967 684 Itaque.

155 704 176 752 ξ
203 703 252 740 36
290 701 460 738 formam
485 722 533 728 —
561 700 647 749 qui]
673 700 856 746 formam,
885 700 991 748 quod
1019 721 1064 726 —
1093 700 1306 749 delectant]
1331 701 1497 739 delectat
1526 722 1568 728 —

294 765 466 813 etiamsi]
494 765 612 803 etiam
639 765 670 802 si
697 765 769 813 (sic
796 765 908 805 scrib.
929 765 1027 803 solet
1053 766 1154 813 libr.)
1184 788 1226 794 —
1256 766 1394 815 idque]
1421 766 1460 803 id
1480 777 1557 813 que

156 855 177 905 ξ
204 854 252 892 37
617 853 689 904 [fol
715 854 779 893 97Γ
804 853 1052 893 historiarum
1078 857 1112 893 et
1137 855 1227 906 cet.]

293 929 506 978 Panegyr]
533 930 804 977 panegiricum
837 953 869 956 —
906 942 931 968 a
956 930 1048 979 for.]
1076 931 1128 968 ab
1155 931 1310 969 forensi.

157 995 177 1045 ξ
205 994 253 1033 38
291 993 454 1044 confer]
482 994 687 1034 conferant
718 1017 756 1023 —-
788 994 984 1045 compar]
1011 998 1333 1045 comparentque.

156 1061 176 1108 g
204 1060 252 1097 39
291 1060 634 1107 Thrasymachum
655 1060 805 1108 Calch.]
832 1060 1166 1098 Thrasimachum
1187 1060 1496 1098 Chalcedonium
1523 1082 1569 1087 —

292 1123 402 1174 Byz]
420 1123 644 1163 Bizantium
666 1147 708 1152 —
731 1124 935 1175 afuerunt]
955 1124 1168 1165 abfuerunt
1194 1149 1236 1154 —
1266 1126 1327 1165 his
1347 1159 1354 1167 .
1377 1160 1383 1166 .
1406 1159 1413 1167 .
1434 1160 1441 1166 .
1461 1126 1568 1176 hist]

293 1192 352 1227 his
381 1191 439 1236 (ut
465 1191 521 1228 ait
548 1191 763 1238 Theophr.)
790 1191 879 1229 hist.

158 1254 255 1305 §40
293 1253 517 1305 nonnunq]
557 1266 859 1304 nonnumquam
899 1278 937 1282 —
984 1253 1140 1305 leniter]
1178 1254 1317 1294 leuiter
1353 1276 1398 1282 —
1437 1255 1568 1306 cedes]

294 1321 430 1358 credas
457 1342 504 1347 —
531 1320 761 1369 Thrasym]
789 1320 1100 1358 Thrasimachus
1127 1341 1171 1346 —

419 1408 503 1459 [fol.
532 1408 599 1448 97ν
623 1409 793 1448 iunxisse
820 1409 904 1460 (sic)
934 1409 1167 1459 Thucydides
1192 1410 1283 1460 cet.]

295 1487 402 1531 satis,
429 1489 473 1523 ut
501 1487 523 1523 i.
550 1487 600 1531 d.‚
626 1486 719 1534 rot]
749 1486 844 1523 satis
871 1486 929 1535 (ut
956 1486 1012 1523 ita
1038 1487 1184 1534 dicam)
1219 1488 1293 1524 rot.
1324 1485 1437 1534 [item
1465 1485 1569 1522 infra

295 1550 315 1600 ξ
341 1550 410 1588 41:
438 1550 497 1599 (ut
525 1550 633 1600 scis)]
660 1572 708 1578 —
736 1550 775 1588 in
801 1549 934 1600 scrib]
963 1549 1223 1590 inscribendo,

160 1617 181 1664 ξ
206 1617 252 1654 41
293 1617 474 1666 etiamn]
503 1618 621 1655 etiam
648 1629 753 1655 nunc
787 1638 835 1644 —
871 1617 974 1663 Quid
1000 1619 1056 1656 t.?
1082 1617 1105 1656 i.
1134 1617 1228 1666 ille]
1265 1615 1368 1662 Quid
1406 1615 1568 1653 tandem

293 1681 415 1730 inquit
443 1682 536 1720 ille?

156 1745 177 1794 ἓ
202 1746 251 1783 42),
289 1747 484 1796 aequalis]
511 1747 694 1795 aequales
728 1747 812 1796 (sed
839 1747 922 1796 syll.
950 1758 990 1784 es
1015 1748 1054 1785 in
1081 1748 1116 1785 is
1141 1759 1239 1786 corr.
1269 1749 1344 1795 est)
1375 1768 1419 1774 --
1447 1746 1568 1795 rhet]

293 1813 465 1849 retorum
494 1833 541 1839 —
569 1810 773 1861 ὲπιδεικτ.]
800 1812 1006 1861 epidictico
1036 1836 1079 1841 —
1110 1811 1263 1861 gymn.]
1292 1812 1493 1860 gimnasiis
1520 1834 1569 1840 —

293 1876 390 1925 eloq.
420 1875 524 1925 ipsa]
552 1876 649 1924 eloq.
677 1880 736 1914 est
763 1877 849 1925 ipsa
876 1898 922 1904 -
951 1877 1101 1926 incun]
1128 1877 1388 1916 incunabulis.

157 1939 177 1988 ἓ
202 1940 251 1978 43
291 1952 369 1989 quo
395 1940 534 1990 modo]
571 1941 769 1990 quomodo
800 1963 846 1968 —
872 1953 1066 1991 ponemus
1095 1963 1139 1969 —
1167 1954 1204 1980 n.
1233 1954 1264 1981 e.
1291 1942 1330 1979 id
1357 1953 1386 1981 s,
1415 1962 1458 1968 —
1480 1939 1567 1989 sed]

291 2016 483 2053 ponemus
508 2016 636 2054 neque
660 2017 693 2043 e.
719 2005 759 2043 id
785 2017 815 2044 s.
841 2006 921 2046 sed.

155 2069 175 2117 ἕ
200 2069 252 2107 44
288 2069 431 2119 paene]
466 2074 567 2118 pene
593 2069 663 2118 (sic
689 2070 923 2118 aliquotiens
950 2082 1032 2110 voc.
1060 2083 1132 2110 scr.
1159 2071 1235 2120 est)
1254 2093 1300 2098 —

516 2160 599 2209 [fol.
627 2160 691 2198 98r
717 2163 751 2197 et
777 2160 947 2199 indicare
973 2161 1066 2209 quid
1090 2161 1182 2210 cet.]

291 2241 417 2291 locos]
443 2241 551 2279 locus
578 2241 660 2286 (sed
688 2240 727 2277 in
754 2240 852 2278 locos
878 2252 976 2280 corr.
1003 2252 1086 2279 voc.
1114 2243 1198 2280 est).

155 2306 175 2354 ἓ
200 2306 250 2344 45
288 2306 388 2344 sitne
415 2305 502 2355 aut]
530 2305 579 2343 sit
604 2317 654 2343 ne
680 2307 750 2343 aut
775 2326 823 2333 —
851 2306 962 2353 sitne,
990 2305 1130 2355 signis]
1155 2305 1282 2343 sitne?
1309 2305 1429 2354 signis
1456 2306 1565 2355 (item

291 2371 382 2420 quid
405 2372 481 2410 sit?
508 2374 547 2410 et
572 2371 683 2419 quale
708 2372 812 2421 siff).

154 2435 251 2483 §46
293 2435 421 2485 θέσις]
464 2436 584 2474 thesis
623 2458 666 2464 ——
706 2436 934 2486 utramque]
979 2439 1175 2485 utranque
1214 2437 1322 2485 (item
1363 2436 1480 2486 infra)
1519 2459 1567 2465 —

291 2500 443 2551 posset]
470 2501 594 2549 possit
623 2521 667 2529 —
696 2500 803 2540 locos
831 2524 875 2530 -—
905 2502 959 2541 sic
986 2513 1018 2540 e.
1046 2513 1080 2541 a.
1109 2524 1151 2530 —
1183 2501 1239 2551 q.]
1265 2501 1373 2540 locos
1400 2502 1454 2540 sic
1480 2514 1511 2542 e.
1532 2514 1568 2542 a.

292 2575 414 2613 qua51.
