1771 2826
861 155 882 193 7

187 275 231 316 II.
272 275 352 324 (fol.
371 273 455 313 241>
469 272 594 323 seqq.)
612 272 796 312 Eiusdem
814 273 1090 313 Inventionum
1105 272 1408 312 Rhetoricarum
1433 273 1539 312 Libri
1554 273 1587 312 II

271 340 377 390 (cum
406 338 565 377 scholiis
590 338 877 387 marginalibus
902 339 1134 387 Anonymi).

170 404 232 444 111.
272 403 354 453 (fol.
380 404 429 441 55
448 401 572 453 seqq.)
598 402 782 441 Eiusdem
809 403 858 442 de
877 403 1047 443 Oratore
1065 404 1116 442 ad
1135 402 1182 450 Q.
1209 403 1387 442 Fratrem
1405 402 1511 442 Libri
1537 403 1588 441 111

270 470 378 519 (cum
405 468 562 507 scholiis
588 480 712 517 marg.
740 468 886 514 Anon.)

169 535 231 573 IV.
272 533 354 582 (fol.
380 533 466 572 9310
493 534 615 582 seqq.)
643 533 825 572 Eiusdem
854 533 998 572 Orator
1026 534 1077 572 ad
1104 533 1281 572 Marcum
1307 533 1485 573 Brutum.

186 600 230 639 V.
272 599 351 647 (fol.
381 599 454 637 110
477 598 573 647 seq.)
600 598 783 637 Eiusdem
810 600 860 638 de
878 599 1040 648 Optimo
1059 599 1210 638 Genere
1228 599 1444 637 Oratorum
1462 597 1589 644 Liber,

270 674 339 701 seu
373 663 621 711 prooemium
657 663 991 711 interpretationis
1024 663 1223 702 Orationis
1249 663 1524 702 Demosthenis
1551 666 1589 701 et

269 727 475 766 Aeschinis
502 726 609 776 (cum
637 726 794 765 scholiis
820 727 1058 777 marginal).

169 793 232 831 VI.
273 793 353 841 (fol.
385 793 456 831 112
475 792 599 842 seqq.)
626 792 810 830 Eiusdem
832 793 880 831 de
898 792 1046 831 Officiis
1066 793 1117 831 ad
1138 792 1188 833 M.
1208 792 1437 832 Ciceronem
1462 792 1588 830 filium

271 870 386 897 suum
412 858 502 896 libri
528 857 592 896 ΙΙΙ.

280 933 351 971 His
376 931 506 970 verbis
532 931 723 980 excerptis
750 943 798 969 ex
823 931 1006 970 Bandinii
1033 932 1161 978 catal„
1202 932 1346 981 quippe
1381 932 1443 970 cui
1469 932 1587 970 fidem

161 998 389 1037 habendam
416 1008 501 1036 esse
528 996 699 1035 affirmet
724 996 990 1043 Vitellius,
1028 998 1079 1036 ad
1116 997 1417 1036 describendam
1444 996 1589 1035 codicis

161 1063 331 1112 speciem
358 1065 397 1101 et
425 1063 604 1101 habitum
632 1063 775 1101 idonea
800 1063 899 1101 haec
924 1063 1022 1100 mihi
1057 1063 1143 1101 visa
1181 1065 1273 1100 sunt
1307 1062 1490 1100 addenda
1525 1061 1588 1110 (cf.

160 1127 283 1166 Band.
311 1128 334 1169 l.
360 1127 384 1168 l.
411 1139 448 1177 p.
475 1127 550 1166 486
577 1129 670 1176 sq.):

229 1201 232 1205 ’
288 1199 382 1237 »Hic
408 1198 586 1237 Oratoris
611 1198 726 1236 Liber
752 1198 803 1236 ab
829 1198 974 1247 duplici
1000 1209 1124 1236 manu
1148 1198 1387 1247 perscriptus
1414 1200 1485 1243 est,
1515 1209 1589 1236 an-

159 1265 327 1315 tiquiore
354 1265 499 1311 altera,
526 1264 652 1302 altera
683 1263 906 1302 recentiore.
956 1262 1167 1312 Antiquior
1205 1262 1362 1301 initium
1389 1261 1586 1300 scribendi

160 1330 253 1369 facit
279 1331 319 1367 in
346 1330 421 1368 illis
449 1329 597 1377 Capitis
623 1328 794 1366 XXVIII.
835 1329 912 1367 »tia
946 1328 1043 1366 mihi
1079 1328 1358 1376 persuasisset,
1392 1330 1437 1365 ut
1463 1339 1505 1365 se
1530 1327 1589 1365 di-

159 1395 379 1433 mitterem«
425 1396 508 1439 etc.,
556 1393 747 1431 recentior
785 1393 918 1442 priora
959 1392 1165 1442 supplevit.
1223 1392 1277 1431 At
1314 1403 1408 1430 vero
1448 1391 1589 1440 Capite

159 1460 270 1499 LVII.
298 1460 537 1498 omittuntur
570 1457 638 1497 illa
666 1469 817 1507 »paeon
842 1457 988 1496 habeat
1020 1460 1100 1497 tres
1126 1457 1286 1496 breves«
1308 1460 1380 1497 etc.
1408 1468 1499 1496 cum
1528 1469 1590 1495 re-

159 1525 275 1574 liquis
300 1535 427 1573 usque
461 1524 513 1561 ad
548 1523 616 1561 illa
653 1522 802 1572 Capitis
828 1522 961 1562 LXIX.
1001 1534 1178 1572 »semper
1203 1523 1396 1560 versetur.
1421 1533 1586 1570 genere«

161 1592 243 1637 etc.‚
284 1590 350 1639 qui
386 1589 545 1638 quidem
572 1589 747 1627 defectus
781 1589 828 1627 iis
864 1587 1047 1627 omnibus
1074 1587 1284 1627 Codicihus
1327 1587 1512 1636 contigit,
1549 1587 1591 1626 in

161 1655 304 1703 quibus
328 1654 566 1702 principium
595 1654 711 1691 huius
739 1653 882 1691 codicis
910 1652 1115 1691 intercidit.

290 1719 423 1759 Codex
449 1719 774 1758 membranaceus
806 1719 878 1758 Ms.
904 1719 945 1756 in
971 1717 1035 1758 fol.
1064 1718 1173 1757 Saec.
1201 1717 1347 1767 partim
1373 1716 1473 1757 XIII.
1500 1729 1592 1767 par-

160 1785 230 1822 tim
249 1785 330 1824 XV.
357 1785 458 1822 binis
485 1784 678 1822 columnis
705 1786 888 1821 exaratus
915 1786 953 1821 et
980 1783 1031 1821 ab
1058 1783 1106 1821 H.
1126 1782 1220 1830 Lag.
1250 1783 1286 1829 (i.
1314 1794 1347 1820 e.
1373 1782 1590 1830 Lagomar-

160 1848 276 1898 sinio)
315 1849 478 1888 collatus
518 1849 580 1887 die
614 1849 650 1887 9.
689 1848 779 1887 Julii
820 1848 917 1886 1740
954 1849 994 1886 et
1030 1847 1071 1885 in
1111 1846 1245 1886 Classe
1282 1846 1589 1886 Rhetoricorum

161 1913 359 1952 Ciceronis
384 1926 494 1953 num.
546 1914 606 1953 32.
635 1913 875 1963 designatus
929 1912 1095 1951 Constat
1121 1912 1224 1950 foliis
1250 1913 1405 1961 scriptis
1434 1913 1539 1952 14&

284 1978 487 2028 Leguntur
512 1979 652 2017 deinde
678 1978 776 2017 haec
801 1990 840 2027 p.
866 1978 942 2016 500
966 1989 1066 2027 seq.:
1097 1977 1358 2027 ›Frequentes
1384 1978 1591 2016 correctio-

160 2055 229 2081 nes
254 2044 400 2092 ubique
427 2046 648 2090 occurrunt,
685 2044 753 2082 sed
779 2043 830 2082 ab
856 2054 960 2082 nova
978 2043 1102 2081 ferme
1128 2054 1273 2088 manu;
1312 2054 1482 2092 quarum
1508 2055 1589 2082 non

162 2110 354 2156 omnium,
387 2112 524 2158 utpote
549 2121 668 2158 saepe
702 2110 937 2158 ineptarum,
972 2111 1017 2147 ut
1053 2120 1119 2147 eas
1153 2109 1425 2157 corruptiones
1456 2108 1589 2157 potius

162 2185 282 2223 quam
322 2175 582 2213 correctiones
620 2174 747 2223 possis
788 2174 937 2222 dicere,
983 2173 1178 2213 rationem
1215 2173 1440 2213 habuimus.
1517 2173 1590 2212 Hic

161 2242 294 2278 autem
312 2243 508 2278 corrector
533 2240 588 2278 ita
613 2251 695 2278 non
720 2250 929 2288 nunquam
955 2238 1102 2288 probas
1124 2239 1319 2287 quasdam
1332 2249 1447 2276 voces
1471 2238 1590 2287 plane

160 2305 378 2352 mendosis,
417 2305 504 2344 lIcet
536 2305 727 2354 antiquis,
767 2304 980 2351 substituit,
1019 2307 1063 2343 ut
1093 2304 1311 2343 emendatis
1339 2304 1454 2353 ipsis,
1490 2316 1590 2353 quas

162 2369 301 2416 adfert,
325 2370 487 2408 vocibus
514 2370 694 2408 notulam
726 2370 1015 2418 significantem
1046 2369 1148 2407 alias
1176 2371 1247 2408 aut
1275 2369 1333 2407 vel
1361 2369 1590 2418 praemittat

161 2434 243 2473 sive
269 2435 390 2474 etiam
417 2435 615 2475 inscribat.
643 2457 691 2464 —
727 2426 944 2476 Adundare
970 2437 1103 2473 autem
1129 2434 1235 2473 hunc
1260 2434 1444 2473 Codicem
1469 2434 1592 2483 pluri-

161 2499 237 2538 mis
263 2500 416 2539 mendis
441 2500 709 2539 confitendum
736 2488 805 2546 est,
832 2499 974 2538 sedita
999 2501 1148 2546 tamen,
1173 2502 1218 2538 ut
1243 2499 1284 2538 in
1310 2500 1356 2538 iis
1383 2511 1473 2538 vera
1491 2499 1592 2538 lecti-

162 2564 248 2602 onis
271 2577 384 2614 saepe
410 2566 565 2615 vestiyia
592 2565 779 2614 quaedam
805 2568 1049 2614 appareant.“
1079 2587 1126 2593 —
