1771 2826
813 147 860 185 41

138 268 160 317 ἕ
187 267 235 305 67
274 277 391 308 max,
417 264 490 303 etsi
517 267 575 303 est
601 264 667 314 eo]
694 276 799 305 max.
825 267 865 303 et
889 265 922 303 si
948 268 1017 311 est,
1044 277 1100 304 ρο.

138 333 159 382 g
186 332 235 371 68
273 329 488 379 voluntati]
515 328 713 378 uoluptati
740 351 788 357 -—
809 329 954 391 habet]
981 330 1140 369 habeat.

135 419 159 469 ᾖ
186 418 235 457 69
606 415 689 465 [fol.
720 415 810 454 100v
835 415 1028 454 vehemens
1053 416 1094 454 in
1121 415 1211 466 cet.]

140 499 161 548 g
189 498 238 536 70
276 496 431 545 deceat]
459 496 572 534 docet
599 496 699 544 (libr.
726 497 958 545 corrigendo
985 497 1074 535 fecit
1098 508 1182 536 voe.
1210 509 1257 534 ex
1283 497 1456 544 csl‘eceat).

135 563 159 613 ᾗ
187 561 234 600 72
272 560 429 610 officiis]
449 560 625 599 officiciis
639 583 687 589 -—
704 563 752 601 tr.
768 584 815 589 —
833 573 915 600 non
933 591 943 600 .
963 594 971 602 .
992 594 1000 602 .
1021 594 1028 602 .
1055 573 1178 600 unum
1207 564 1265 600 est
1284 584 1344 607 —‚
1363 560 1550 610 gramm]

273 627 456 670 tractare,
483 637 564 663 non
590 655 598 662 .
627 657 635 665 .
663 654 673 664 .
700 654 709 663 .
736 637 859 664 unum
879 629 947 673 est,
974 638 1142 676 gramm.
1168 648 1216 655 ·—
1242 624 1550 674 communibus]

275 692 445 730 comm?
482 712 527 718 —
554 691 748 729 subtiliter
760 691 788 740 Σ]
827 692 961 731 subt.‘?
1001 713 1040 719 —
1070 694 1166 737 toto,
1201 691 1260 741 at]
1297 694 1401 730 toto:
1429 703 1475 729 ac
1505 713 1549 719 --

275 755 346 793 etsi
372 755 474 804 sine]
502 755 549 793 Et
575 756 670 795 sine.

136 820 159 869 ξ
187 819 234 858 73
271 819 438 868 Magnus
464 819 539 869 est]
566 819 616 860 M.
642 823 741 859 esset
762 843 808 848 —
827 821 955 867 dicas;
983 821 1049 871 -]
1077 822 1184 860 dicas
1211 822 1366 871 (interp.
1385 821 1480 870 om.)
1501 842 1547 848 —

537 905 624 955 [fol.
655 906 740 944 101r
766 909 951 954 quantum
975 907 1025 945 sit
1049 907 1141 957 cet]

140 985 163 1035 g
191 985 240 1023 74
275 985 481 1031 dedecere;
504 985 628 1035 quod]
648 986 747 1032 ded.‚
767 986 879 1032 Quod
903 1011 942 1016 —-
960 987 1093 1036 probi]
1113 987 1283 1035 probam
1303 1009 1341 1015 —
1362 983 1550 1033 stultove]

276 1049 396 1088 stulto
424 1061 474 1088 ue
501 1072 549 1078 -
567 1051 608 1088 in
626 1051 888 1101 immolanda]
916 1052 1064 1091 immol.
1093 1073 1139 1079 —
1169 1050 1355 1100 Calchas]
1385 1049 1552 1089 Chalcas

274 1115 437 1163 oratori]
466 1116 635 1154 oratoris
661 1115 745 1165 (sed
772 1116 842 1155 litt.
859 1128 879 1153 s
895 1128 1008 1155 erasa
1036 1116 1084 1165 e.)
1112 1138 1159 1144 -—
1186 1115 1340 1165 partes]
1368 1115 1502 1164 partis.

136 1182 159 1228 g
186 1182 232 1218 75
271 1183 316 1217 ut
342 1181 549 1229 cuiusque]
585 1183 629 1218 ut
663 1181 849 1228 cuiusque
887 1181 997 1229 (ante
1032 1192 1114 1218 voe.
1142 1183 1185 1216 ut
1210 1191 1366 1217 erasum
1403 1178 1552 1226 aliquid

274 1243 368 1293 vid.)
396 1266 443 1272 —
470 1244 651 1291 arduum,
678 1247 720 1284 ut
748 1277 756 1285 .
786 1278 793 1285 .
822 1278 829 1285 .
858 1278 866 1286 .
894 1244 980 1295 sed]
1009 1245 1177 1284 arduum
1207 1246 1262 1292 (ut
1292 1256 1321 1284 s,
1349 1244 1372 1284 i.
1402 1243 1456 1292 d.)
1483 1243 1551 1281 sed

277 1309 388 1358 [item
416 1309 518 1347 infra
546 1310 612 1347 77:
640 1310 698 1358 (ut
725 1310 847 1359 seis)].

135 1373 159 1424 'g'
187 1374 235 1412 77
273 1373 456 1424 oratorii]
484 1374 645 1414 oratori.

495 1464 580 1513 [fol.
610 1465 699 1502 101v
723 1465 869 1502 ratione
895 1465 1060 1512 quadam
1087 1465 1178 1513 cet]

278 1539 317 1576 et
343 1537 471 1588 conc]
499 1549 703 1576 concursu.

139 1602 161 1650 ξ
189 1602 236 1639 78
276 1602 357 1651 Fit]
385 1603 436 1640 sit
463 1624 509 1629 -
536 1602 708 1651 venust]
739 1603 951 1642 uenustius.

140 1666 160 1714 ἓ
189 1666 236 1703 79
277 1666 388 1716 Fue]
426 1666 550 1705 sucati
580 1691 625 1696 —
653 1667 871 1717 Theophr]
912 1667 1182 1716 Teophrastus
1210 1688 1254 1694 —
1285 1667 1346 1705 ad.
1375 1687 1422 1693 —-
1449 1664 1555 1714 quod

276 1761 285 1770 .
313 1760 322 1769 .
350 1760 359 1770 .
388 1764 395 1771 .
422 1732 528 1772 laud.
547 1753 594 1760 —
613 1732 717 1781 orn.]
745 1732 883 1778 aderit,
910 1733 1016 1781 quod
1035 1762 1044 1770 .
1072 1766 1079 1772 .
1108 1765 1116 1771 .
1146 1766 1154 1774 .
1183 1732 1381 1776 laudibus,
1403 1742 1488 1769 orn.
1508 1752 1553 1758 —

275 1796 409 1844 supell.
438 1795 551 1845 Sup]
579 1796 866 1845 suppellectilis.
895 1797 1119 1846 suppellex,

136 1860 158 1911 ς
187 1861 237 1900 80
274 1860 437 1911 sonant]
473 1863 589 1899 sonat
619 1883 661 1888 -—
690 1861 923 1912 explanant]
964 1861 1149 1911 explanat
1185 1884 1233 1891 ——
1259 1861 1416 1911 transl]
1453 1863 1555 1899 tras-

274 1928 401 1965 latum
431 1950 476 1956 -
503 1929 573 1965 aut
599 1928 625 1966 f.
653 1927 705 1965 ab
731 1927 774 1977 i.]
803 1929 839 1965 tm
866 1930 935 1966 aut
970 1927 1116 1965 factum
1152 1927 1204 1965 ab
1240 1927 1324 1975 ipso
1350 1928 1387 1963 ms
1415 1924 1555 1974 (verba

271 1992 427 2030 aliunde
454 1995 521 2029 aut
546 1995 676 2030 mutu-o
713 1995 782 2029 aut
804 1991 959 2040 factum
994 1992 1095 2030 inter
1129 2003 1212 2031 voe.
1242 1991 1398 2038 factum
1436 1992 1473 2027 et
1509 1988 1555 2025 ab

269 2057 456 2106 ponenda
486 2057 657 2106 margini
676 2057 877 2107 adscripta
903 2059 1008 2103 sunt,
1036 2058 1103 2096 sed
1123 2058 1276 2096 aliunde
1294 2058 1334 2096 in
1347 2056 1554 2105 raspos).

130 2146 155 2195 ἓ
189 2147 233 2185 81
548 2146 632 2195 [fol.
664 2147 750 2185 102Γ
775 2150 866 2184 sunt
890 2147 959 2185 illa
986 2159 1021 2195 q.
1047 2148 1139 2197 cet]

271 2215 474 2266 transfer]
494 2216 747 2255 trasferendis
774 2239 820 2246 —
847 2229 990 2267 parcus
1008 2218 1067 2268 in]
1095 2230 1132 2267 p.
1152 2221 1189 2257 et
1207 2218 1248 2256 in
1271 2239 1301 2244 -
1321 2215 1552 2264 tralatione]

272 2281 410 2320 transl.

124 2344 152 2393 g
178 2344 226 2382 82
265 2345 494 2384 indecorum
539 2367 583 2374 —
624 2347 730 2395 quod
768 2346 858 2396 cet]
904 2347 1132 2386 indecorum
1179 2347 1286 2395 quod
1332 2348 1406 2384 cet.
1444 2344 1557 2393 (item

265 2411 394 2449 infra:
432 2411 628 2459 appellant
654 2411 755 2460 quod
777 2414 853 2451 cet.
878 2423 955 2452 om.
983 2412 1165 2461 parenth.
1192 2413 1322 2460 signo)
1353 2432 1395 2437 -
1424 2409 1554 2458 verb]

269 2476 439 2514 uerbum
482 2477 567 2524 (litt.
593 2489 659 2515 um
684 2477 725 2516 in
760 2489 859 2517 eras.
894 2478 1014 2516 trium
1050 2479 1288 2527 quattuorve
1323 2478 1438 2515 litter.
1472 2475 1560 2512 loeo

265 2543 357 2580 sunt
382 2541 498 2590 pos).
