1771 2826
262 799 426 877 Ante
453 836 525 873 hos
552 847 677 874 annos
704 838 892 884 quattuor
919 836 959 875 C.
987 836 1236 884 Halmius,
1271 849 1387 886 quem
1415 839 1542 877 virum

115 904 387 943 doctissimum
435 902 555 949 atque
604 900 935 938 humanissimum
986 901 1147 939 honoris
1198 913 1318 940 causa
1368 905 1542 950 nomino,

119 969 275 1018 roganti
294 966 391 1005 mihi
410 965 587 1004 Oratoris
607 964 776 1003 Tulliani
796 966 938 1003 codicis
957 966 997 1003 in
1021 965 1258 1003 bibliotheca
1276 966 1543 1006 Laurentiana

117 1033 308 1073 asservati
327 1032 432 1070 misit
453 1030 675 1079 exemplum
695 1042 718 1068 a
737 1030 996 1076 Kleitnero,
1023 1030 1173 1078 collega
1191 1031 1430 1077 doctissimo,
1452 1043 1545 1070 exa-

115 1101 259 1138 ratum.
299 1097 403 1135 Nam
422 1107 513 1134 cum
531 1095 572 1133 in
591 1094 788 1134 Ciceronis
806 1107 983 1138 versarer
1008 1095 1182 1143 legendis
1200 1083 1309 1133 libris
1328 1096 1545 1143 rhetoricis,

115 1174 164 1201 ex
190 1162 357 1206 Goelleri
383 1160 484 1198 libro
511 1159 576 1209 (M.
596 1159 700 1198 Tulli
720 1159 914 1198 Ciceronis
941 1160 992 1197 ad
1018 1159 1195 1197 Marcum
1214 1159 1380 1221 Brutum
1401 1160 1546 1199 Orator

115 1238 191 1266 rec.
217 1229 255 1265 et
281 1226 333 1266 ill.
360 1226 421 1264 Fr.
442 1225 486 1264 G.
512 1226 667 1274 Lipsiae
696 1226 819 1275 1838),
852 1237 970 1274 quem
997 1225 1125 1274 ipsum
1153 1225 1251 1263 mihi
1277 1225 1341 1264 ille
1366 1238 1411 1264 ex
1435 1226 1544 1264 libris

116 1292 295 1332 biblioth.
332 1292 485 1331 Monac.
512 1292 687 1338 miserat,
714 1302 975 1340 cognoveram
1013 1291 1187 1329 codicem
1223 1291 1396 1340 primum
1424 1292 1542 1340 plutei

117 1356 433 1406 quinquagesimi
475 1356 734 1395 bibliothecae
770 1356 965 1395 Mediceae
1002 1356 1292 1395 Laurentianae
1334 1369 1422 1397 cum
1466 1357 1542 1396 alia

117 1422 274 1470 scripta,
289 1423 487 1461 continere
509 1426 594 1461 tum
614 1422 793 1461 Oratoris
819 1423 1041 1471 exemplum
1068 1426 1111 1461 ut
1137 1424 1316 1461 nondum
1343 1423 1543 1468 collatum,

114 1485 183 1532 ita,
223 1486 255 1523 si
291 1486 445 1532 Orellio‚
485 1498 563 1535 quo
602 1486 682 1525 fere
721 1498 838 1525 nemo
877 1487 961 1525 erat
997 1487 1234 1536 scriptorum
1269 1487 1542 1525 Tullianorum

115 1551 289 1600 peritior,
314 1551 511 1591 habenda
544 1552 642 1591 fides
678 1555 788 1599 esset,
830 1552 935 1600 quod
970 1553 1213 1591 conferretur
1248 1553 1544 1601 dignissimum:

116 1627 232 1664 quem
270 1617 443 1655 codicem
483 1617 638 1655 duabus
677 1619 857 1656 constare
894 1617 1086 1666 partibus,
1125 1629 1294 1667 quarum
1329 1628 1411 1656 una
1444 1619 1544 1656 esset

115 1682 262 1727 saeculi
287 1682 400 1729 XIII„
426 1683 552 1722 altera
578 1693 679 1722 saec.
706 1683 787 1724 XV.

142 1778 145 1781 ·
220 1760 417 1801 ..oratoris
456 1763 559 1801 enirn
604 1763 794 1800 librorum
832 1763 1070 1811 scriptorum
1114 1762 1260 1811 duplex
1297 1773 1382 1799 esse
1420 1770 1545 1810 genus

116 1829 281 1874 constat,
298 1827 466 1867 alterum
485 1828 729 1875 mutilorum,
757 1827 921 1868 alterum
940 1827 1196 1877 integrorum.
1236 1827 1388 1866 Horum
1408 1827 1544 1866 arche-

115 1893 234 1940 typus
261 1894 473 1940 quomodo*
491 1895 528 1930 et
553 1895 730 1941 repertus
758 1895 794 1930 et
816 1892 1076 1940 transcriptus
1104 1893 1164 1938 sit,
1204 1894 1343 1929 narrat
1369 1892 1543 1929 Blondus

115 1956 391 1996 Foroliviensis
417 1958 458 1996 in
483 1958 639 1997 Italia
662 1953 952 2004 illustrata,
979 1957 1047 1996 ubi
1074 1958 1124 1997 de
1151 1956 1419 1997 Romandiola
1446 1955 1542 2005 agit,

116 2034 207 2071 pag.
235 2023 308 2061 346
335 2024 393 2063 ed.
421 2024 538 2062 Basil.
566 2035 600 2063 a.
631 2024 738 2070 1559,
774 2035 853 2072 qua
890 2024 939 2062 de
963 2035 1006 2062 re
1032 2023 1313 2062 conferendum
1341 2024 1410 2068 est,
1438 2020 1544 2070 quod

116 2087 210 2127 dicit
235 2088 557 2139 Lagomarsinius
591 2089 632 2128 in
666 2088 849 2128 Bandinii
877 2088 999 2129 Catal.
1026 2088 1149 2131 Codd.
1175 2089 1259 2129 latt.
1287 2087 1379 2127 bibl.
1408 2086 1543 2126 Medic.

116 2154 311 2201 Laurent.‚
338 2155 560 2193 Florentiae
578 2167 614 2196 a.
635 2155 731 2193 1775
750 2155 865 2201 edito,
892 2154 1006 2196 Tom.
1026 2154 1071 2202 II,
1098 2166 1135 2204 p‘.
1153 2155 1229 2193 494
1246 2166 1326 2203 seq.
1343 2154 1417 2192 Ubi
1439 2153 1545 2202 quod

116 2218 180 2256 ille
206 2219 474 2268 multiplicatis
500 2219 622 2258 trium
652 2220 700 2258 de
732 2219 901 2258 Oratore
925 2219 1117 2257 librorum
1145 2219 1332 2268 exemplis
1363 2229 1542 2256 »omnem

117 2282 272 2323 Italiam
310 2285 641 2323 desideratissimo
685 2285 818 2323 codice
854 2285 1047 2334 repletam
1075 2297 1180 2324 esse«
1222 2285 1324 2330 dicit,
1363 2285 1466 2323 idem
1504 2285 1544 2322 in

117 2347 296 2394 Oratoris
317 2349 563 2399 ‚exemplaria
581 2350 722 2389 cadere
740 2350 830 2389 inde
855 2350 970 2389 facile
984 2350 1233 2399 intellegitur,
1260 2349 1365 2399 quod
1388 2352 1544 2399 praeter

116 2413 222 2453 hunc
248 2414 406 2461 librum,
433 2415 481 2453 de
508 2427 585 2464 quo
614 2428 730 2465 agere
756 2416 871 2454 nobis
898 2417 1144 2466 propositum
1173 2419 1244 2464 est,
1281 2417 1425 2456 Orator
1451 2428 1546 2455 con-

116 2479 263 2518 tinetur
297 2480 503 2519 duodecim
531 2482 652 2530 ipsius
679 2482 967 2522 Laurentianae
1001 2483 1169 2524 bibl.cod
1213 2483 1336 2522 icibus
1372 2483 1546 2531 integris,

118 2555 217 2593 quos
243 2557 477 2585 enumerare
503 2546 643 2587 licebit.

1314 2610 1353 2645 1*
