1771 2826
911 118 957 156 18

341 238 638 285 Saepenumero
664 239 798 275 autem
817 237 882 275 hic
898 241 1108 284 corrector,
1134 238 1216 275 sive
1247 239 1340 275 utra
1360 237 1498 282 lectio,
1525 236 1650 284 antiq.

210 294 360 341 ‘manus
384 313 436 340 an
455 301 516 339 sui
533 300 781 350 exemplaris,
808 301 1071 350 praeferenda
1087 304 1190 341 esset
1209 301 1432 348 dubitabat,
1457 302 1538 340 sive
1556 301 1652 351 quid

215 368 257 406 in
293 379 372 405 suo.
401 366 504 404 esset
540 366 756 415 exemplari
788 365 1034 415 ambigebat,
1070 368 1151 406 sive
1170 367 1384 416 complura
1410 367 1446 405 ei
1472 369 1586 406 erant
1611 366 1652 405 in

215 444 338 471 manu
373 432 642 481 exemplaria,
682 435 751 470 aut
790 431 853 469 uel
875 435 960 470 aut
999 432 1112 470 aliter
1150 432 1303 471 addidit
1341 432 1481 471 vocab.
1515 443 1652 481 super—

216 498 362 547 scripto
380 496 444 547 (cf.
463 509 501 546 p.
516 498 565 544 7).
592 497 640 535 Et
655 506 776 546 quam
796 497 969 535 incertus
987 508 1280 546 nonnunquam
1299 496 1429 543 fuerit,
1450 496 1652 545 quomodo

216 566 349 602 essent
373 573 478 611 quae
502 563 650 611 scripta
677 562 891 600 invenisset
915 562 1180 606 emendanda,
1215 562 1306 600 inde
1332 564 1511 609 apparet,
1545 561 1652 609 quod

215 627 343 666 tribus
390 627 505 673 locis,
545 626 619 664 nisi
658 625 794 672 fallor,
835 636 923 663 eam
964 636 1085 674 quam
1123 625 1460 675 superscripserat
1496 625 1650 664 variam

215 694 425 732 lectionem
461 692 672 741 expunxit:
706 692 728 740 ξ
759 692 829 729 106
864 691 1031 728 aut-sibi
1053 690 1136 739 ipse
1160 703 1198 730 n.
1225 703 1260 729 v.
1286 694 1389 736 esset,
1415 690 1437 740 ἓ
1469 691 1541 729 114
1565 702 1651 738 eryo

216 758 275 807 (in
301 769 428 806 marg.
456 756 558 805 scin),
584 756 614 805 ἓ·
638 756 708 793 115
736 755 1001 804 (instituoum.

331 832 409 870 Sed
434 832 531 869 haec
553 831 765 868 hactenus:
794 831 1016 868 accuratius
1041 832 1176 868 autem
1194 831 1235 868 in
1254 831 1428 869 codicem
1451 831 1653 878 inquiren-

214 896 324 935 tibus
346 894 466 934 nobis
492 885 606 940 cum,'
637 896 832 943 quantum
870 905 1014 932 manus
1041 894 1166 932 altera
1193 894 1362 932 valuerit
1389 894 1652 941 emendando,

215 960 433 999 videndum
447 960 508 1005 sit,
522 960 652 998 facere
662 970 742 997 non
756 969 985 1007 possumus,
997 959 1102 1008 quin,
1115 959 1212 1007 quid
1226 959 1274 997 de
1287 961 1459 1008 utroque
1472 959 1653 997 codicum

217 1037 361 1074 genere
387 1025 642 1063 statuendum
669 1035 715 1061 ac
742 1023 999 1062 iudicandum
1026 1023 1089 1069 sit,
1116 1023 1400 1062 examinemus.
1453 1022 1566 1069 Quae
1590 1034 1652 1061 res

217 1101 308 1129 cum
335 1090 385 1128 sit
411 1089 588 1128 maximo
615 1088 667 1126 ad
693 1099 828 1126 veram
856 1087 1055 1127 Ciceronis
1080 1088 1302 1126 orationem
1334 1087 1652 1127 constituendam

216 1155 436 1200 momento,
462 1153 582 1202 paulo
609 1152 728 1191 altius
754 1152 853 1191 mihi
878 1151 1009 1191 licebit
1033 1154 1224 1201 repetere.

342 1223 479 1272 Neque
515 1222 555 1260 in
589 1223 648 1261 ed.
684 1223 861 1271 principe
895 1223 1082 1261 Romana
1108 1234 1143 1262 a.
1174 1223 1292 1268 1469,
1328 1234 1451 1271 quam
1478 1222 1652 1261 Kleinius

218 1301 254 1328 a.
284 1288 381 1326 1838
407 1287 585 1335 contulit,
612 1288 722 1326 certa
748 1287 860 1326 codd.
887 1287 1119 1326 mutilorum
1145 1287 1310 1337 vestigia
1328 1288 1497 1334 exstant,
1523 1298 1653 1337 neque

216 1354 259 1392 in
286 1354 427 1391 ceteris
455 1352 541 1391 edd.
570 1363 670 1391 saec.
698 1351 794 1398 XV.‚
821 1352 845 1392 i.
865 1363 897 1391 e.
924 1352 964 1390 in
990 1352 1076 1391 edd.
1096 1352 1254 1391 Venetis
1282 1363 1317 1391 a.
1348 1352 1443 1390 1485
1470 1352 1652 1401 (repetita

217 1430 243 1458 a
269 1418 498 1468 Kobergero
537 1416 823 1467 Norimbergae
859 1429 894 1458 a.
933 1416 1044 1467 1487)
1084 1419 1122 1456 et
1157 1429 1193 1458 a.
1232 1417 1328 1456 1492
1368 1419 1489 1467 atque
1523 1417 1564 1457 in
1591 1417 1651 1457 ed.

217 1484 428 1524 Mediolan.
456 1495 491 1522 a.
522 1483 631 1529 1490,
656 1494 785 1532 neque
803 1483 844 1521 in
863 1482 971 1521 libris
987 1483 1154 1530 Aldinis‚
1179 1483 1364 1529 Juntinis‚
1390 1483 1655 1530 Ascensianis,

217 1548 460 1599 Gryphianis
487 1550 558 1586 etc.
594 1558 695 1585 saec.
721 1547 822 1586 XVI.
849 1549 941 1586 ante
967 1559 1002 1587 a.
1033 1548 1129 1586 1555
1163 1547 1277 1586 editis
1303 1547 1416 1587 codd.
1443 1550 1556 1594 mut„
1582 1548 1655 1586 etsi

216 1627 299 1654 non
325 1624 489 1663 prorsus
515 1612 712 1662 repudiati
736 1624 821 1652 esse
840 1612 1035 1660 videntur,
1061 1613 1198 1663 magni
1222 1615 1358 1652 tamen
1383 1613 1577 1652 momenti
1603 1613 1655 1652 ad

216 1680 342 1718 verba
363 1679 566 1727 scriptoris
590 1678 867 1717 constituenda
893 1678 1013 1717 fuisse
1039 1680 1217 1717 constat:
1245 1678 1410 1717 Carolus
1428 1678 1655 1727 Stephanus

217 1744 370 1794 primus
391 1742 553 1781 Oratori
570 1742 730 1781 Parisiis
748 1743 815 1781 illo
841 1754 947 1781 anno
974 1743 1079 1781 edito
1104 1743 1291 1782 lectiones
1317 1743 1461 1782 codicis
1486 1743 1651 1783 alicuius

217 1809 535 1848 mutili'ssadiecit.
589 1808 685 1847 Post
720 1809 829 1847 illum
864 1809 1100 1855 Lambinus,
1140 1810 1200 1848 vir
1224 1822 1414 1849 summae
1449 1809 1654 1848 doctrinae

218 1875 444 1923 summique
478 1873 644 1922 ingenii,
683 1873 752 1923 qui
788 1874 828 1912 in
863 1874 1017 1923 scriptis
1044 1874 1242 1914 Ciceronis
1277 1874 1437 1913 edendis
1463 1874 1655 1923 singulari

216 1939 350 1977 studio
386 1950 433 1978 ac
456 1938 660 1988 diligentia
694 1941 873 1977 versatus
909 1941 986 1986 est,
1024 1941 1077 1978 ad
1116 1940 1409 1979 emendandam
1447 1939 1654 1988 vulgatam

218 2003 329 2043 Orat.
357 2003 594 2053 scripturam
631 2003 753 2043 libros
788 2003 946 2042 mutilos
983 2006 1138 2044 constat
1173 2005 1410 2044 adhibuisse.
1464 2003 1653 2043 Gruterus

218 2069 360 2107 deinde
387 2069 427 2107 in
454 2081 501 2108 eo
528 2069 649 2116 libro,
677 2069 752 2107 nisi
778 2069 915 2115 fallor,
941 2081 1058 2118 quem
1086 2069 1308 2119 Hamburgi
1334 2082 1370 2109 a.
1401 2070 1497 2108 1618
1522 2069 1655 2115 edidit,

218 2133 429 2173 adnotavit
459 2134 645 2173 lectiones
675 2146 730 2172 ex
765 2133 921 2172 duobus
948 2134 1139 2173 Palatinis
1173 2135 1332 2184 (Palatt.
1364 2136 1395 2174 1.
1421 2135 1475 2185 2.)
1506 2135 1655 2175 mutilis

218 2202 437 2248 excerptas.
487 2199 590 2238 Tum
620 2199 852 2238 Schuetzius
881 2199 921 2237 in
948 2199 1010 2238 ed.
1036 2200 1187 2238 maiore
1213 2200 1333 2249 (Lips.
1360 2212 1396 2240 a.
1426 2200 1538 2249 1815)
1565 2212 1655 2249 per-

217 2263 364 2301 multas
378 2262 550 2301 Gudiani
570 2263 756 2302 lectiones
777 2275 825 2302 ex
842 2263 1077 2313 Heusingeri
1095 2265 1306 2304 collatione
1335 2266 1591 2314 depromptas
1614 2264 1654 2303 in

216 2328 395 2367 medium
421 2329 599 2378 protulit.
652 2329 904 2378 Erlangensis
933 2329 1103 2379 denique
1125 2330 1377 2369 collationem
1404 2330 1600 2378 integram
1629 2340 1654 2367 a

217 2393 355 2431 Beiero
381 2393 528 2432 factam
555 2393 621 2431 illo
648 2405 765 2443 quem
786 2405 908 2443 supra
925 2394 1237 2434 commemoravi
1251 2394 1352 2433 libro
1371 2394 1423 2444 (p.
1440 2393 1653 2444 176-183)

218 2458 438 2507 divulgavit
452 2459 639 2498 Orellius:
661 2459 727 2508 qui
741 2461 876 2498 tamen
892 2460 992 2499 adeo
1005 2461 1154 2510 sprevit
1171 2461 1195 2501 l.
1212 2461 1440 2500 mutilorum
1457 2460 1653 2506 lectiones,

216 2525 261 2561 ut
287 2535 335 2561 ea
361 2524 494 2569 verba,
532 2536 635 2573 quae
661 2525 765 2562 dicat
793 2524 972 2573 Meyerus
1007 2525 1222 2574 (adnotans
1249 2527 1299 2564 ad
1327 2526 1407 2564 edit
1447 2537 1542 2563 suae
1569 2536 1653 2562 voc.
