1771 2826
859 112 882 150 8

279 232 337 271 Ea
361 232 481 282 igitur
506 232 651 272 codicis
677 244 790 282 pars,
818 244 921 283 quae
948 232 1158 272 Oratorem
1183 232 1371 280 continet,
1397 233 1586 273 lacunosa

154 300 233 343 est3
271 308 366 336 nam
393 297 536 336 desunt
561 298 709 344 omnia,
741 308 843 346 quae
877 298 918 337 in
943 298 1104 346 integris
1131 298 1244 337 codd.
1269 298 1416 346 scripta
1442 300 1536 337 sunt
1562 310 1586 337 a

152 363 174 412 5
204 363 271 401 191
302 361 430 400 verbis
462 362 631 401 »habeat
649 364 730 401 tres
747 362 908 402 breves<
937 374 1064 412 usque
1090 363 1142 402 ad
1163 362 1274 412 §231
1304 363 1456 402 verbis:
1483 361 1584 412 (ver)

157 429 286 466 »setur
311 439 453 476 genere
479 439 772 474 numerorum,«
803 428 869 477 qui
887 428 1061 468 defectus
1088 440 1112 466 a
1138 439 1261 466 manu
1288 429 1505 467 recentiore
1530 428 1586 467 sic

154 492 369 531 adnotatur
395 493 435 531 in
466 493 666 543 margine:
704 493 799 532 »Hic
821 495 880 532 est
903 493 1127 539 defectus‹;
1153 504 1255 543 quae
1280 493 1420 532 eadem
1440 504 1583 532 manus

154 557 177 608 ἓ
199 557 266 598 191
296 559 481 598 extremis
498 559 635 598 litteris
649 571 702 607 pe
718 559 788 599 litt.
804 571 854 597 an
873 559 1109 598 vocabulum
1129 559 1376 609 completura
1395 560 1585 599 adiunxit.
1663 565 1666 568 ’

154 624 212 661 Ex
236 624 362 662 tribus
389 626 524 663 autem
559 624 740 673 partibus
768 624 948 663 Oratoris
986 625 1160 663 codicem
1196 626 1381 663 constare
1407 625 1585 673 apparet,

155 700 326 736 quarum
354 689 634 738 antiquissima
661 692 720 728 est
754 690 848 728 illud
874 689 1161 738 fragmentum,
1188 690 1295 738 quod
1321 700 1506 728 exorsum
1533 689 1585 727 ab

155 754 223 800 eis,
250 765 353 802 quae
380 754 566 803 leguntur
592 754 613 803 ξ
644 754 735 793 10οε
766 754 965 803 (eloquen)
995 754 1071 792 »tia
1097 753 1194 791 mihi
1220 754 1500 802 persuasisset«
1531 753 1586 792 eis

155 829 258 867 quae
285 830 407 868 supra
432 818 512 857 dixi
539 819 803 869 paragraphis
829 819 978 857 XXXX
1004 819 1158 857 omissis
1185 819 1439 857 continuatur
1463 829 1588 868 usque

155 883 206 922 ad
237 883 325 922 libri
360 884 493 923 finem.
523 884 695 923 Litterae
721 884 838 923 huius
865 885 1009 923 codicis
1036 884 1160 933 partis
1178 884 1434 930 minusculae,
1461 895 1587 932 angu-

153 947 272 994 latae,
299 950 523 987 atramento
550 948 663 998 nigro
690 948 820 987 colore
846 948 1058 994 confectae,
1084 948 1139 986 ita
1157 949 1249 986 sunt
1278 949 1448 997 anguste
1465 947 1588 996 scrip-

154 1017 230 1061 tae,
256 1018 312 1062 ut,
337 1026 427 1054 cum
447 1015 499 1054 ab
517 1027 563 1054 eo
581 1015 754 1062 librario,
782 1015 849 1064 qui
875 1015 1047 1064 priorem
1062 1013 1205 1052 codicis
1223 1016 1378 1062 partem
1398 1013 1586 1059 exaravit,

154 1079 319 1127 triginta
346 1081 501 1118 duobus
528 1080 609 1119 fere
634 1080 812 1118 versibus
838 1080 904 1126 eis,
938 1080 1005 1128 qui
1031 1081 1123 1118 sunt
1148 1079 1187 1116 in
1215 1079 1308 1116 edit.
1347 1078 1478 1117 Turic.
1507 1078 1588 1126 alt.,

153 1144 332 1194 singulae
357 1145 528 1195 paginae
552 1145 802 1195 impleantur,
820 1144 1206 1194 duodeseptuaginta
1232 1143 1313 1183 fere
1325 1155 1462 1182 versus
1486 1143 1588 1181 eius-

154 1209 244 1246 dem
272 1209 454 1247 editionis
479 1210 755 1248 contineantur
770 1209 934 1258 singulis
951 1209 1117 1258 paginis.
1154 1208 1269 1255 Quod
1291 1209 1448 1257 quidem
1467 1208 1588 1246 libra·

153 1273 236 1311 rius
271 1285 352 1311 non
387 1274 515 1323 potuit
548 1273 697 1320 facere,
732 1274 807 1313 nisi
842 1273 1060 1323 permultas
1096 1273 1269 1322 syllabas
1297 1275 1366 1312 aut
1391 1273 1586 1311 vocabula

154 1338 257 1376 notis
299 1337 538 1387 quibusdam
577 1339 856 1388 significasset,
892 1351 913 1377 e
949 1350 1026 1387 quo
1062 1350 1228 1376 numero
1264 1350 1411 1387 magno
1437 1350 1586 1387 paucas

153 1402 430 1442 memorabiles
468 1403 564 1442 satis
592 1404 664 1443 erit
689 1415 927 1453 proponere:
977 1404 1067 1455 ,p'u3
1099 1402 1164 1452 (=
1188 1402 1394 1452 proprium
1422 1402 1443 1452 ξ
1475 1403 1585 1450 121);

155 1472 211 1518 Ire
237 1472 305 1517 Iris
331 1472 410 1518 lffis
436 1480 498 1518 vel
523 1480 622 1519 litt'a
649 1480 710 1518 vel
735 1480 898 1519 l'rarum
927 1480 989 1527 (=
1015 1479 1171 1518 litterae
1197 1480 1307 1524 etc.);
1334 1469 1386 1517 fia
1423 1479 1488 1528 (=
1514 1489 1586 1517 na-

153 1545 266 1590 tura,
292 1544 360 1582 sed
385 1561 436 1577 =
461 1545 611 1591 nostra,
639 1547 684 1583 ut
709 1545 884 1591 videtur,
911 1545 933 1594 §
964 1545 1050 1594 165)
1077 1550 1123 1584 ca
1148 1545 1210 1583 vel
1239 1546 1299 1583 c'a
1326 1544 1391 1593 (=
1425 1543 1586 1593 causa);

151 1609 195 1653 δ’,
230 1607 268 1658 (ξ
298 1609 368 1647 175
397 1627 447 1640 =
476 1609 619 1648 dicitur
631 1612 678 1659 ?);
714 1622 737 1649 a
764 1621 837 1659 pro
863 1610 1000 1660 partic.
1030 1612 1098 1649 aut
1125 1609 1359 1659 aliquotiens
1386 1609 1586 1648 invenitur

154 1676 224 1713 etc.
252 1676 323 1715 etc.

273 1744 331 1783 Ac
357 1745 406 1783 de
432 1744 627 1784 scribendi
653 1744 962 1794 proprietatibus
981 1744 1192 1794 fragmenti
1218 1743 1345 1783 nostri
1372 1743 1469 1782 haec
1496 1745 1587 1782 sunt

154 1821 257 1859 quae
290 1811 477 1849 notentur
512 1810 644 1859 digna.
696 1810 786 1848 Non
821 1809 949 1848 solum
985 1821 1058 1859 pro
1093 1822 1137 1847 ae
1172 1809 1402 1858 saepissime
1440 1809 1586 1857 scripta

153 1874 352 1913 invenitur
390 1874 460 1914 litt.
500 1885 531 1920 e,
569 1876 613 1912 ut
651 1885 747 1923 que,
786 1874 879 1919 hec,
923 1874 1027 1921 celo,
1065 1875 1163 1920 due,
1204 1885 1311 1920 mee,
1360 1872 1587 1922 palestram,

153 1939 348 1988 equalem,
386 1939 537 1988 penitet
575 1939 611 1988 (ξ)
650 1939 747 1986 130),
787 1939 995 1978 obscenius
1034 1940 1072 1989 (ᾖ
1112 1940 1197 1988 154)
1237 1941 1321 1984 etc.,
1360 1939 1428 1977 sed
1466 1939 1585 1977 etiam

153 2015 443 2053 nonnunquam
470 2016 542 2053 pro
570 2016 631 2042 oe:
660 2004 835 2054 cepimus
862 2004 900 2054 (ὃ
930 2005 1028 2053 107),
1063 2004 1228 2054 cepisset
1256 2004 1294 2054 (ἓ
1324 2004 1422 2053 129),
1457 2003 1586 2043 Penos

153 2069 191 2118 (ᾖ
222 2070 320 2118 153),
348 2070 536 2118 tragediis
562 2071 798 2119 (tragedum,
824 2070 1010 2109 comediis
1037 2070 1058 2120 ἓ
1088 2070 1186 2120 109).
1230 2070 1378 2108 Deinde
1403 2068 1587 2107 librarius

153 2135 209 2172 sic
247 2134 345 2172 solet
382 2133 572 2172 scribere:
616 2134 850 2180 adolescens,
888 2135 1009 2183 paulo
1053 2135 1137 2182 (sed
1175 2135 1198 2184 g
1236 2134 1331 2172 232:
1374 2133 1587 2171 immutata

152 2198 374 2248 paullulum
385 2198 434 2249 Ρ),
472 2198 665 2248 quotiens,
696 2199 849 2246 cotidie,
876 2199 1073 2249 quicquid,
1107 2200 1331 2249 quicquam,
1358 2198 1586 2248 intelligere,

151 2266 349 2314 negligere
366 2266 449 2312 (sed
463 2266 647 2314 neglegat
665 2266 687 2315 ἓ
705 2266 788 2311 137,
807 2266 1050 2314 neglegenda
1069 2266 1091 2315 5
1108 2266 1216 2312 162);
1242 2267 1329 2302 tum
1344 2266 1383 2302 et
1396 2263 1527 2302 contio
1546 2264 1586 2302 et

151 2330 289 2368 concio
316 2327 477 2379 legitur;
505 2329 608 2369 adde
633 2329 730 2368 huc:
756 2329 981 2369 conditione
1008 2329 1045 2381 (ἓ
1064 2330 1175 2380 235);
1202 2328 1426 2368 denunctiet
1444 2326 1585 2379 (§138),

151 2395 437 2443 pronunctiant
460 2395 497 2445 (ξ
514 2396 613 2442 170),
639 2396 837 2434 necsciunt
864 2395 901 2444 (ξ
918 2395 1016 2445 142),
1033 2396 1178 2442 lictere,
1204 2395 1381 2433 lieteram
1402 2393 1487 2443 (sed
1504 2393 1586 2442 ple-

150 2475 320 2513 rumque
345 2457 402 2504 lr—e
418 2466 527 2514 etc.);
554 2465 776 2515 hystriones
803 2465 932 2515 (109);
959 2464 1162 2512 eiciuntur,
1190 2463 1415 2510 abiciendis,
1441 2462 1587 2502 conici-

148 2533 227 2577 tur,
254 2530 441 2576 subiciet;
468 2530 686 2577 coherceat,
713 2531 974 2577 habundabit,
1002 2530 1038 2580 (ἓ
1069 2530 1176 2579 134);
1203 2529 1418 2568 convitium
1439 2527 1475 2577 (9
1498 2527 1585 2575 159)
